1779 3068
699 91 1024 133 GRACILARIAE.
1588 93 1645 132 45

79 211 179 265 ipsa
226 210 376 265 typica
419 210 563 252 forma
604 209 865 251 cellularum
899 209 1106 265 pendere,
1141 209 1314 251 facilius
1348 210 1496 251 forsan
1531 211 1644 264 quis-

80 280 204 335 piam
237 286 494 322 assumeret.
550 280 761 321 Attamen
794 281 989 322 formam
1023 281 1285 322 exteriorem
1324 280 1494 322 frondis
1522 280 1645 322 haud

79 350 138 393 ab
185 351 280 406 ipsa
332 351 474 392 forma
522 350 784 392 cellularum
831 351 1199 392 constituentium
1243 350 1460 393 deducere
1499 351 1642 401 licere,

83 420 260 463 facilius
313 421 423 462 mihi
476 435 741 476 persuasum
795 421 944 470 habui,
1003 421 1293 477 perpendenti
1339 436 1503 477 paucas
1552 436 1646 464 esse

81 491 381 534 Sub—Generis
429 491 565 533 Podei
614 490 792 546 Species
824 517 880 521 —
914 506 1075 546 nempe
1124 492 1220 534 illas
1259 493 1314 534 ad
1349 492 1476 534 Grac.
1512 494 1644 535 cervi-

51 575 260 605 ·cornem
297 561 557 604 accedentes
590 587 645 592 —-
680 562 725 602 in
759 562 923 616 quibus
963 562 1329 617 plectocystideas
1363 564 1542 605 cellulas
1576 578 1647 606 me

85 633 248 676 vidisse
297 638 524 688 putarem;
574 638 669 673 tum
719 646 899 688 quoque
944 634 1243 676 consideranti
1286 635 1395 675 mihi
1431 634 1647 689 plurimas

83 704 263 760 Species
310 703 690 760 plectocystideas.
726 691 841 747 inter
889 704 1067 759 Species
1115 705 1339 754 obvenire,
1390 720 1501 760 quas
1543 705 1646 747 olim

82 776 140 828 ad
175 775 438 818 Sub-Genus
472 774 683 816 Plocariae
716 758 974 816 referendas
1009 776 1174 830 putavi,
1211 790 1402 830 quarum
1434 776 1649 830 plurimas

87 847 246 889 fronde
294 846 591 894 teretiuscula,
642 859 808 900 paucas
857 859 1038 900 quoque
1082 847 1240 888 fronde
1274 846 1556 902 complanata
1588 847 1650 888 in·

84 922 275 960 structas
315 917 512 959 memini.

811 956 821 1024 ,ἐ

229 1202 325 1243 Nisi
362 1215 630 1256 magnopere
663 1202 803 1249 fallor,
839 1201 1161 1256 suspicandum
1198 1206 1399 1255 putarem
1427 1200 1536 1241 alias
1560 1214 1654 1242 esse

86 1273 267 1329 Species
316 1273 571 1314 Gracilariae
620 1273 819 1323 Generis,
867 1287 967 1327 quae
1013 1286 1104 1314 suae
1141 1273 1242 1314 vitae
1276 1271 1544 1313 curriculum
1580 1276 1655 1312 aut

89 1344 171 1386 sub
219 1358 310 1386 uno
358 1344 651 1399 vegetationis
699 1343 883 1399 periodo
931 1343 1186 1390 conficiunt,
1234 1348 1311 1384 aut
1357 1342 1438 1384 sub
1475 1356 1562 1383 uno
1595 1342 1656 1382 in-

88 1416 308 1465 choatam,
345 1415 426 1457 sub
460 1415 597 1456 altero
630 1419 782 1456 tamen
817 1415 1075 1470 perficiunt;
1118 1415 1179 1456 ita
1212 1414 1321 1456 alias
1352 1428 1446 1455 esse
1480 1412 1657 1467 Species

87 1501 271 1536 annuas,
320 1486 428 1528 alias
476 1491 624 1527 autem
680 1486 847 1528 biennes
898 1491 975 1527 aut
1023 1487 1176 1528 forsan
1224 1488 1517 1538 perennantes.
1592 1483 1659 1524 lta

90 1557 234 1605 modo,
280 1571 368 1613 quo
413 1562 515 1598 ante
549 1557 719 1612 aliquot
752 1571 894 1599 annos
928 1557 981 1599 de
1015 1557 1260 1611 Gigartinis
1293 1556 1504 1602 scribens
1540 1568 1659 1596 assu-

89 1643 210 1670 mere
260 1643 396 1670 ausus
445 1643 558 1676 sum,
609 1628 653 1669 in
702 1628 936 1681 Gz'qao-tz'wa
970 1629 1126 1670 radula
1171 1627 1383 1669 obvenire
1417 1626 1599 1681 prolem,
1634 1639 1659 1666 a

88 1699 271 1742 radicali
305 1700 580 1754 expansione
612 1699 952 1754 provenientem
998 1713 1298 1746 numerosam,
1335 1711 1525 1752 quarum
1561 1696 1658 1737 aliae

89 1771 256 1813 sensim
291 1776 553 1813 excrescunt
586 1771 714 1826 quasi
748 1771 920 1826 stipites
952 1771 1098 1825 ipsam
1131 1769 1340 1811 frondem
1364 1768 1656 1812 fructiferam,

92 1842 232 1884 multo
268 1842 409 1897 magis
443 1847 486 1884 et
517 1856 597 1884 suo
630 1843 811 1897 proprio
844 1842 977 1883 modo
1008 1855 1253 1896 expansam
1277 1844 1566 1895 generaturae,
1590 1837 1659 1878 his

91 1928 196 1956 vero
230 1913 554 1967 (functionibus
586 1914 847 1968 perfunctis)
881 1913 1123 1958 exhaustis,
1161 1912 1268 1953 alios
1302 1923 1554 1952 excrescere
1578 1921 1658 1949 suo

90 1984 247 2026 ordine
280 1989 427 2039 partes
461 1985 714 2026 fructiferas
747 1988 1025 2039 generantes,
1061 1984 1121 2024 ita
1155 1995 1334 2037 quoque
1362 1981 1407 2022 in
1433 1978 1660 2021 nonnullis

51 2044 54 2048 .
94 2055 335 2111 Speciebus
369 2055 625 2097 Gracilariae
659 2056 846 2097 Generis
875 2054 1054 2096 frondes
1077 2053 1279 2109 generari
1305 2051 1407 2099 vidi,
1434 2050 1661 2104 caespitem

91 2126 332 2169 radicalem
382 2127 643 2177 formantes,
694 2126 817 2181 prole
860 2139 1099 2167 numerosa
1133 2125 1433 2169 constitutam,
1469 2134 1661 2176 quarum

94 2198 312 2253 plurimas
344 2198 486 2248 initio,
520 2202 570 2239 ut
602 2203 821 2252 putarem,
857 2197 1123 2242 consimiles,
1160 2196 1321 2236 harum
1349 2197 1498 2234 autem
1523 2205 1661 2232 unam

95 2275 172 2310 aut
204 2268 388 2311 alteram
424 2268 566 2323 magis
590 2266 919 2310 excrescentem
944 2268 1035 2308 fieri
1064 2266 1353 2313 fructiferam,
1379 2277 1459 2305 suo
1483 2261 1662 2317 proprio

96 2339 230 2381 modo
265 2354 485 2381 ramosam
522 2344 564 2381 et
596 2339 853 2380 fructiferas
889 2342 1035 2393 partes
1073 2341 1375 2391 generantem.
1427 2331 1661 2387 Ejusmodi

95 2410 324 2452 crescendi
367 2409 550 2452 modum
599 2424 668 2451 me
711 2423 890 2464 quoque
932 2409 978 2450 in
1014 2407 1240 2449 nonnullis
1274 2404 1529 2447 Gracilariae
1563 2402 1665 2457 Spe-

98 2481 252 2523 ciebus
299 2480 573 2529 observasse,
617 2480 821 2521 lubenter
863 2479 1158 2528 meminerim,
1193 2478 1324 2532 cujus
1357 2488 1536 2530 quoque
1570 2486 1652 2515 evo

98 2552 281 2594 lntionis
330 2551 512 2594 modum
565 2550 666 2592 dedi
714 2551 984 2605 exemplum,
1034 2550 1080 2590 in
1124 2548 1334 2602 Morphol.
1370 2547 1520 2599 Alqasr.
1561 2544 1663 2586 Tab.

103 2623 288 2673 XXIV,
329 2622 623 2665 Gracilarz‘am
645 2621 953 2676 flayellz'feram
993 2620 1084 2662 suis
1118 2618 1304 2660 diversis
1337 2615 1666 2658 characteribus

97 2693 366 2736 illustratam
403 2691 631 2734 exhibens.
686 2690 914 2732 Lubenter
945 2690 1213 2745 conjicerem
1243 2689 1318 2731 Gr.
1346 2689 1665 2740 Harveyanam,

105 2765 233 2808 Grac,
268 2765 542 2806 secundatam
574 2767 708 2817 atque
739 2762 899 2805 Gracil.
929 2762 1167 2807 caudatam,
1196 2773 1388 2814 quarum
1422 2757 1668 2813 specimina

99 2849 362 2891 comparare
410 2834 547 2881 licuit,
599 2838 694 2875 tum
744 2832 963 2888 adparatu
1009 2831 1144 2874 sterili
1185 2831 1402 2872 instructa
1434 2826 1668 2877 consimili,
