1779 3068
115 46 178 84 -42
743 39 1070 81 GRACILARIAE.

121 161 321 203 diversos
369 160 485 201 inter
533 157 788 200 Gracilariae
832 157 1010 213 Species
1053 156 1380 213 dignoscendos
1413 157 1593 206 credidi,
1630 173 1688 203 se-

121 232 364 288 quentibus
414 229 745 272 characteribus
794 228 1024 274 indicatos,
1076 228 1239 284 quibus
1288 243 1468 285 quoque
1507 230 1690 287 disposi-

119 304 287 345 tionem
334 302 591 357 Specierum
636 305 808 342 naturae
841 306 1191 342 consentaneam
1223 300 1543 344 instituendam
1580 316 1687 352 esse,

120 388 349 417 assumere
382 386 518 415 ausus
552 386 664 414 sum.

263 445 379 500 Typi
412 444 549 500 igitur
581 443 745 485 diversi
779 442 1034 485 Gracilariae
1069 442 1255 485 Generis
1289 443 1397 485 mihi
1434 448 1559 486 sunt:

121 575 201 613 lto.
263 570 675 611 MAcnochmDsAE
718 582 912 624 quarum
948 572 1138 610 stratum
1171 568 1345 610 frondis
1377 569 1560 612 interius
1591 584 1689 612 con·

262 645 433 684 textum
485 639 692 695 adparuit
741 639 911 682 cellulis
959 639 1199 695 conspicue
1243 639 1502 694 majoribus,
1547 654 1689 683 unum

262 718 339 755 aut
386 712 577 754 alterum
625 711 779 753 orbem
828 710 1143 755 formantibus,
1193 711 1322 766 quasi
1362 710 1598 767 abruptius
1631 712 1691 754 di—

263 785 474 826 stinctum
524 782 580 825 ab
629 782 915 825 interioribus
963 781 1146 833 cellulis,
1191 796 1294 824 suos
1328 783 1530 838 proprios
1562 783 1690 826 orbes

262 856 378 898 circa
411 854 573 896 axilem
609 854 924 896 formantibus.
981 853 1173 896 Cellulas
1206 853 1287 896 has
1321 853 1526 909 majores,
1562 855 1687 910 quasi

262 927 452 969 invicem
498 926 725 981 sejunctas
768 925 1012 981 parietibus
1056 925 1266 967 tenuibus
1304 930 1347 967 et
1382 925 1524 977 magis
1558 925 1689 968 flexu-

263 999 351 1040 osis
394 999 453 1053 (in
494 1003 724 1053 segmento
758 997 1043 1039 transversali
1078 996 1345 1050 madefacto)
1380 996 1553 1038 facilius
1586 1011 1690 1052 quo-

261 1084 347 1123 que
397 1083 624 1111 assumere
673 1069 839 1110 formas
888 1068 1080 1110 invicem
1126 1069 1354 1123 paulisper
1396 1067 1606 1112 diversas.
1649 1074 1691 1111 et

262 1142 384 1183 vario
427 1140 559 1182 modo
602 1140 793 1182 invicem
840 1139 1109 1182 collabentes
1143 1139 1241 1195 (sub
1275 1138 1565 1181 antecedente
1598 1153 1690 1194 spe-

261 1212 439 1254 ciminis
473 1211 784 1265 exsiccatione)
818 1210 1160 1264 intelligendum
1196 1215 1414 1265 putarem.

262 1319 714 1375 Macrocystidearum
759 1318 941 1361 cellulas
979 1332 1100 1360 nunc
1133 1332 1212 1374 pro
1247 1318 1513 1360 evolutionis
1547 1317 1688 1373 gradu

114 1391 291 1434 frondis
334 1392 376 1433 in
421 1390 691 1447 quibusdam
738 1389 981 1432 earundem
1027 1389 1269 1445 Speciebus
1288 1390 1325 1442 *)
1365 1395 1432 1431 sat
1465 1389 1688 1431 diversam

107 1463 329 1505 *obvenire
372 1476 513 1518 posse,
558 1462 619 1503 ita
662 1466 838 1503 tantum
873 1466 951 1502 aut
983 1460 1125 1503 aetatis
1159 1461 1458 1503 characterem
1495 1465 1570 1502 aut
1604 1460 1687 1502 loci

117 1535 277 1576 natalis
324 1533 731 1589 opportunitatem;
774 1533 820 1574 in
855 1532 952 1574 aliis
985 1537 1133 1574 autem
1170 1532 1252 1574 sub
1287 1545 1558 1588 unoquoque
1593 1532 1687 1573 fere

113 1605 384 1648 evolutionis
417 1604 558 1657 gradu
594 1605 920 1660 persistentem,
955 1604 1083 1659 quasi
1119 1604 1261 1659 magis
1294 1603 1349 1646 ab
1383 1604 1481 1659 ipsa
1509 1607 1687 1645 textura

104 1682 158 1719 »et
191 1677 399 1719 firmitate
433 1677 602 1732 Speciei
639 1676 908 1731 pendentem
947 1690 1127 1731 quoque
1155 1674 1489 1731 agnoscendum
1516 1674 1686 1730 putavi,

116 1749 151 1791 si
186 1748 367 1803 quidem
405 1748 626 1804 ejusmodi
673 1748 973 1790 characterem
1010 1752 1082 1788 aut
1119 1752 1287 1789 certum
1324 1746 1370 1788 in
1405 1746 1537 1788 finem
1574 1759 1687 1788 crea-

113 1825 224 1865 tum,
260 1824 337 1861 aut
371 1820 514 1871 magis
547 1815 996 1874 firmitatis'propriae
1029 1818 1244 1861 indicium
1281 1817 1495 1873 suspicari
1525 1817 1685 1859 liceret.

116 1947 196 1986 2:0.
261 1944 676 1986 MIcRoch'rIDEAs
711 1959 815 1986 vero
849 1944 939 1986 dixi
975 1944 1095 1992 alias,
1131 1958 1213 1985 sua
1246 1944 1392 1985 forma
1425 1942 1595 1984 frondis
1619 1956 1688 1983 cx-

258 2016 417 2058 teriore
449 2030 551 2057 cum
588 2016 947 2071 Macrocystideis
982 2014 1124 2068 inagis
1157 2014 1486 2062 convenientes,
1520 2019 1687 2056 etcum

258 2087 326 2128 liis
375 2100 555 2142 quoque
603 2086 707 2128 olim
758 2087 813 2129 ad
864 2086 1111 2128 Plocarieas
1155 2086 1216 2128 sic
1257 2085 1398 2128 dictas
1436 2085 1608 2133 relatas,
1644 2090 1689 2126 at

262 2158 464 2199 trondem
500 2172 626 2199 suam
653 2158 753 2213 plus
779 2158 928 2200 minus
951 2157 1182 2200 evidenter
1205 2156 1534 2199 teretiusculain
1561 2169 1689 2211 gene—

259 2337 291 2378 *)
317 2337 561 2381 Comparanti
590 2338 683 2371 mihi
712 2338 824 2372 hodie
851 2339 992 2371 formas
1020 2338 1241 2372 cellularum
1267 2337 1437 2371 diversas
1470 2336 1688 2378 dignoscen-

108 2397 202 2431 dum
226 2397 355 2440 putavi
382 2397 481 2431 inter
507 2407 570 2430 eas
597 2398 873 2440 congruentias,
901 2408 994 2440 quas
1021 2397 1128 2440 quasi
1156 2394 1276 2439 magis
1299 2396 1536 2430 transitorias
1554 2394 1684 2428 luben-

114 2460 171 2490 ter
196 2456 359 2490 dicerem
386 2457 438 2499 (in
468 2455 533 2490 Gr.
565 2455 801 2501 Confervoide
827 2460 864 2490 et
892 2455 957 2491 (π’-ν.
984 2466 1185 2500 compressa
1214 2466 1419 2498 earumque
1445 2454 1577 2488 formis
1605 2453 1681 2487 affi-

114 2516 226 2549 nibus
265 2516 525 2556 obvenientes,
565 2527 632 2559 pro
672 2520 782 2550 aetate
808 2519 845 2550 et
871 2516 1100 2550 evolutionis
1127 2516 1244 2558 gradu
1271 2515 1356 2558 plus
1384 2514 1510 2548 minus
1537 2512 1681 2555 conspi-

113 2574 231 2617 cuas);
266 2578 304 2608 et
335 2586 398 2608 eas
429 2575 549 2618 magis
577 2576 837 2618 perdurantes,
864 2576 994 2618 quales
1021 2575 1269 2609 obvenientes
1296 2574 1373 2609 vidi
1401 2574 1439 2607 in
1468 2572 1533 2607 Gr.
1562 2571 1682 2606 [Δεήθ-

113 2634 217 2667 noide
243 2638 280 2668 et
307 2634 512 2677 Speciebus
540 2635 628 2668 huic
656 2635 851 2678 proximis,
871 2635 977 2678 quasi
998 2638 1130 2678 typum
1150 2634 1223 2668 sibi
1242 2634 1435 2677 proprium
1456 2633 1680 2666 indicantes.

114 2694 156 2726 In
200 2694 274 2726 illis
314 2694 468 2727 modum
508 2694 661 2727 vivendi
699 2694 807 2737 quasi
844 2694 1036 2729 diversum
1065 2693 1272 2727 indicatum
1300 2694 1428 2726 forsan
1457 2691 1540 2734 quis
1568 2691 1689 2734 conje-

122 2753 230 2790 cerit&
259 2753 296 2785 in
325 2753 385 2785 his
411 2753 519 2795 quasi
546 2756 744 2787 structurae
771 2754 1024 2787 characterem
1052 2752 1239 2796 ejusmodi
1259 2752 1464 2795 Speciebus
1484 2750 1688 2794 proprium,

123 2811 329 2844 indicatum
359 2812 486 2845 forsan
513 2813 662 2846 cuidam
691 2813 892 2846 videretur.
