1779 3068
122 87 178 128 30
731 83 1087 126 CHYLOCLADIA.

120 203 217 244 aliis
250 208 300 244 ut
333 201 510 244 videtur
542 215 664 243 nunc
697 201 886 256 singulis
931 202 1314 256 provenientibus.
1378 203 1448 245 Ex
1480 204 1691 246 transfor-

121 273 317 315 matione
365 272 589 327 ejusmodi
636 272 750 314 rami
798 273 1129 328 cystocarpium
1173 273 1495 329 subglobosum
1529 279 1571 316 et
1603 274 1691 316 dia·

119 348 262 386 metro
310 343 484 385 circiter
526 343 641 385 rami
674 343 946 385 instructum
979 345 1216 399 provenire
1249 344 1426 387 facilius
1459 345 1560 400 quis
1593 359 1691 388 con-

116 415 292 470 jiceret;
342 420 385 456 et
431 414 538 456 hinc
586 415 864 470 cystocarpia
911 429 1032 457 nunc
1081 415 1259 470 singula
1305 416 1521 471 generari,
1569 430 1692 458 nunc

117 486 248 541 plura
280 485 605 540 adproximata.

262 556 503 611 Segmento
550 557 669 598 facto
717 570 796 611 per
841 562 1014 612 partem
1047 557 1224 599 frondis
1256 557 1481 600 inferioris
1512 558 1691 600 facilius

117 628 219 683 quis
252 627 418 670 diceret
449 627 659 669 frondem
693 641 788 670 esse
821 619 984 669 eximie
1018 627 1290 679 tubulosam,
1315 634 1360 670 at
1382 632 1519 670 strato
1541 628 1691 671 valido

117 700 328 749 cinctam;
364 699 624 754 cellulisque
658 699 795 753 hujus
829 699 954 741 strati
987 699 1173 741 minutis
1207 703 1250 741 et
1280 699 1533 742 rotundatis
1557 699 1690 754 pluri-

116 770 302 819 seriatis,
338 770 508 812 intimis
541 769 710 812 sensim
743 770 790 811 in
821 770 896 812 fila
918 770 1265 825 monosiphonia
1288 771 1419 826 longe
1442 771 1688 821 articulata,

115 841 172 883 ab
220 855 311 883 uno
360 841 526 897 pariete
574 841 764 884 alterum
813 855 969 884 versus
1017 840 1269 892 tendentia;
1320 842 1416 894 ipsa
1448 841 1690 883 constituta

115 912 304 968 siphone
352 912 568 963 tenuiore,
619 926 700 954 sua
741 912 1007 955 membrana
1038 912 1223 968 hyalina
1255 912 1412 954 cincto.
1478 912 1542 959 Inv
1564 926 1690 967 supe-

115 984 229 1026 riore
277 984 432 1039 planta
478 987 624 1025 totum
667 987 858 1026 stratum
897 983 1099 1033 interius,
1134 984 1262 1039 quasi
1297 983 1472 1026 facilius
1506 983 1690 1025 dissolu-

113 1059 211 1097 tum
261 1069 379 1110 saepe
424 1055 473 1096 in
520 1054 763 1109 gelatinam
813 1054 1057 1096 informem
1104 1058 1458 1097 transmutatum
1507 1054 1598 1097 vidi
1631 1079 1690 1085 —-

115 1126 235 1181 quod
270 1125 626 1168 animadvertere
660 1126 840 1181 placuit,
886 1130 1040 1181 utpote
1074 1125 1130 1167 ad
1163 1126 1423 1181 opinionem
1458 1126 1512 1167 de
1545 1125 1689 1167 affini-

112 1201 203 1239 tate
236 1197 558 1252 Harveyanam
592 1196 842 1239 conducere
875 1197 1056 1239 cuidam
1088 1198 1239 1239 forsan
1272 1196 1510 1239 videretur.

258 1267 547 1323 Cystocarpia
595 1268 676 1309 rite
725 1273 909 1310 externa
951 1268 1144 1310 dicerem
1179 1272 1221 1309 et
1252 1267 1448 1322 globosa,
1484 1281 1564 1309 suo
1598 1267 1686 1309 dia—

113 1343 255 1381 metro
304 1339 477 1381 circiter
519 1338 766 1381 crassitiem
807 1339 919 1380 rami
953 1339 1192 1394 aequantia,
1228 1338 1357 1393 quasi
1391 1342 1527 1380 strato
1563 1338 1687 1380 corti-

112 1410 195 1452 cali
228 1410 403 1452 frondis
435 1410 482 1451 in
506 1410 809 1465 pericarpium
832 1414 1093 1452 transeunte
1114 1409 1354 1460 instructa;
1389 1410 1515 1464 apice
1538 1423 1686 1464 carpo-

112 1482 273 1524 stomio
322 1482 398 1523 vix
439 1482 521 1523 rite
566 1486 720 1537 aperto
763 1487 984 1537 superata.
1050 1482 1174 1524 Intra
1213 1485 1386 1536 partem
1418 1480 1593 1522 frondis
1625 1480 1688 1522 ita

111 1558 460 1595 transmutatam
496 1553 587 1596 vidi
620 1553 873 1609 placentam
908 1553 1119 1603 basalem,
1164 1552 1334 1595 cellulis
1368 1552 1574 1608 plurimis
1608 1550 1686 1593 mi-

111 1625 361 1667 nutissimis
404 1629 681 1675 contextam;
727 1625 906 1676 indicia,
941 1629 992 1667 ut
1023 1629 1243 1681 putarem,
1277 1624 1553 1680 praebentem
1588 1636 1685 1664 ean-

111 1695 213 1737 dem
248 1696 388 1738 fuisse
424 1696 594 1738 cellulis
618 1695 979 1738 anastomosibus
1002 1700 1047 1738 at
1070 1695 1385 1738 minutissimis
1409 1698 1684 1744 contextam;

111 1771 153 1808 et
198 1767 331 1809 simili
379 1767 511 1810 modo
545 1772 735 1810 stratum
768 1768 983 1810 intimum
1016 1767 1253 1823 pericarpii
1285 1766 1452 1808 indicia
1486 1764 1683 1821 praebere

110 1838 372 1880 cellularum
421 1838 871 1889 anastomosantium,
918 1853 1017 1893 quae
1057 1852 1162 1880 vero
1196 1840 1450 1879 extrorsum
1482 1834 1683 1878 continu-

110 1914 244 1951 antur
277 1907 446 1950 cellulis
480 1908 753 1950 firmioribus
786 1907 1281 1963 rotundato-angulatis,
1311 1905 1549 1962 multiplici
1572 1906 1684 1948 serie

109 1980 350 2035 dispositis,
401 1985 444 2021 et
491 1979 670 2022 extimis
718 1980 884 2023 sensim
935 1979 1196 2021 minoribus.
1267 1979 1422 2034 Ipsum
1472 1977 1682 2019 nucleum

109 2052 345 2095 observare
387 2051 555 2093 credidi
594 2055 854 2093 contextum
888 2051 1103 2093 fasciculo
1137 2050 1286 2094 valido
1318 2048 1680 2105 gemmidiorum,

107 2123 154 2164 in
202 2137 292 2178 quo
339 2122 586 2177 gemmidia
633 2136 659 2164 a
706 2122 912 2177 placenta
956 2136 1133 2164 sursum
1178 2125 1220 2163 et
1252 2125 1503 2163 extrorsum
1537 2117 1683 2160 multi-

107 2194 212 2249 plici
261 2194 381 2236 Serie
430 2193 652 2235 radiantia
699 2193 958 2249 adpareant,
1008 2192 1296 2235 interioribus
1346 2191 1488 2246 magis
1534 2194 1682 2232 rotun-

108 2264 236 2314 datis,
284 2265 462 2307 extimis
506 2264 649 2320 magis
683 2264 909 2316 obovatis;
944 2268 987 2306 et
1019 2264 1172 2306 omnia
1204 2264 1266 2306 ita
1298 2262 1398 2318 plus
1434 2261 1583 2303 minus
1616 2274 1682 2302 00-

107 2337 334 2387 haerentia,
370 2340 431 2386 ut,
467 2340 727 2391 comparata
760 2350 941 2391 quoque
974 2335 1212 2391 pericarpii
1250 2337 1486 2378 structura,
1522 2331 1680 2374 eadem

107 2421 133 2449 a
173 2407 309 2462 plexu
361 2407 539 2448 filorum
578 2406 1013 2459 anastomosantium
1055 2409 1152 2448 orta
1183 2395 1360 2446 facilius
1395 2402 1677 2458 conjicerem.

106 2478 199 2520 Nec
232 2478 400 2519 extima
431 2476 675 2532 gemmidia
707 2476 845 2532 probe
877 2476 1074 2519 invicem
1109 2475 1247 2518 libera
1279 2474 1488 2524 dicerem,
1529 2472 1680 2528 qualia

107 2549 320 2592 obvenire
365 2553 539 2591 constat
578 2548 625 2590 in
660 2547 904 2604 Speciebus
937 2546 1248 2597 Lomentariae,
1284 2546 1415 2600 longe
1449 2544 1678 2587 diversum

106 2620 286 2675 Typum
320 2619 381 2661 ita
414 2617 525 2660 mihi
558 2618 780 2660 testantia.

248 2691 456 2732 Plantam
499 2689 946 2744 sphaerosporiferam
991 2687 1113 2729 haud
1150 2687 1299 2728 minus
1333 2685 1425 2728 suis
1459 2685 1677 2727 characte-

106 2761 229 2803 ribus
273 2761 496 2816 insignem
542 2760 748 2803 lubenter
786 2774 967 2816 quoque
1001 2758 1306 2808 meminerim;
1356 2760 1401 2799 at
1432 2769 1514 2797 nec
1545 2756 1675 2805 hanc,

107 2832 251 2885 prima
293 2832 389 2874 vice
429 2836 470 2874 et
513 2831 654 2873 obiter
687 2830 985 2882 observatam,
1019 2830 1082 2872 ita
1113 2828 1290 2871 facilius
1323 2825 1674 2881 intelligendam,
