<?xml version="1.0" encoding="UTF-8"?>
<!DOCTYPE html PUBLIC "-//W3C//DTD XHTML 1.0 Transitional//EN"
    "http://www.w3.org/TR/xhtml1/DTD/xhtml1-transitional.dtd">
<html xmlns="http://www.w3.org/1999/xhtml" xml:lang="en" lang="en">
 <head>
  <title>
</title>
<meta http-equiv="Content-Type" content="text/html;charset=utf-8" />
  <meta name='ocr-system' content='tesseract 3.04.00' />
  <meta name='ocr-capabilities' content='ocr_page ocr_carea ocr_par ocr_line ocrx_word'/>
</head>
<body>
  <div class='ocr_page' id='page_1' title='image "./speciesgeneraeto0304agar_0126.png"; bbox 0 0 1779 3068; ppageno 0'>
   <div class='ocr_carea' id='block_1_1' title="bbox 135 86 1073 130">
    <p class='ocr_par' dir='ltr' id='par_1_1' title="bbox 135 86 1073 130">
     <span class='ocr_line' id='line_1_1' title="bbox 135 86 1073 130; baseline -0.003 0"><span class='ocrx_word' id='word_1_1' title='bbox 135 90 217 130; x_wconf 70' lang='lat'>112</span> <span class='ocrx_word' id='word_1_2' title='bbox 763 86 1073 128; x_wconf 77' lang='lat' dir='ltr'>DASYPHLEAE.</span> 
     </span>
    </p>
   </div>
   <div class='ocr_carea' id='block_1_2' title="bbox 77 204 1702 2903">
    <p class='ocr_par' dir='ltr' id='par_1_2' title="bbox 118 204 1702 2618">
     <span class='ocr_line' id='line_1_2' title="bbox 130 204 1702 262; baseline 0.002 -14"><span class='ocrx_word' id='word_1_3' title='bbox 130 206 420 261; x_wconf 79' lang='lat' dir='ltr'>conspicuam</span> <span class='ocrx_word' id='word_1_4' title='bbox 469 204 610 246; x_wconf 88' lang='lat' dir='ltr'>fuisse</span> <span class='ocrx_word' id='word_1_5' title='bbox 659 204 865 246; x_wconf 79' lang='lat' dir='ltr'>dicerem.</span> <span class='ocrx_word' id='word_1_6' title='bbox 931 204 1044 246; x_wconf 89' lang='lat' dir='ltr'>Cum</span> <span class='ocrx_word' id='word_1_7' title='bbox 1094 205 1177 246; x_wconf 88' lang='lat' dir='ltr'>hac</span> <span class='ocrx_word' id='word_1_8' title='bbox 1226 206 1380 260; x_wconf 86' lang='lat' dir='ltr'>planta</span> <span class='ocrx_word' id='word_1_9' title='bbox 1421 209 1702 262; x_wconf 77' lang='lat' dir='ltr'>comparanti</span> 
     </span>
     <span class='ocr_line' id='line_1_3' title="bbox 130 275 1702 332; baseline 0.003 -13"><span class='ocrx_word' id='word_1_10' title='bbox 130 278 241 319; x_wconf 88' lang='lat' dir='ltr'>mihi</span> <span class='ocrx_word' id='word_1_11' title='bbox 292 277 379 318; x_wconf 87' lang='lat' dir='ltr'>alia</span> <span class='ocrx_word' id='word_1_12' title='bbox 427 276 686 332; x_wconf 83' lang='lat' dir='ltr'>specimina,</span> <span class='ocrx_word' id='word_1_13' title='bbox 732 275 814 317; x_wconf 90' lang='lat' dir='ltr'>sub</span> <span class='ocrx_word' id='word_1_14' title='bbox 853 275 1011 317; x_wconf 89' lang='lat' dir='ltr'>ultimo</span> <span class='ocrx_word' id='word_1_15' title='bbox 1045 280 1246 331; x_wconf 87' lang='lat' dir='ltr'>tempore</span> <span class='ocrx_word' id='word_1_16' title='bbox 1279 277 1389 318; x_wconf 89' lang='lat' dir='ltr'>mihi</span> <span class='ocrx_word' id='word_1_17' title='bbox 1423 278 1572 329; x_wconf 86' lang='lat' dir='ltr'>missa,</span> <span class='ocrx_word' id='word_1_18' title='bbox 1606 279 1702 323; x_wconf 83' lang='lat' dir='ltr'>haec</span> 
     </span>
     <span class='ocr_line' id='line_1_4' title="bbox 129 346 1700 403; baseline 0.002 -13"><span class='ocrx_word' id='word_1_19' title='bbox 129 349 324 391; x_wconf 84' lang='lat' dir='ltr'>dicerem</span> <span class='ocrx_word' id='word_1_20' title='bbox 373 347 522 403; x_wconf 91' lang='lat' dir='ltr'>potius</span> <span class='ocrx_word' id='word_1_21' title='bbox 572 346 866 388; x_wconf 87' lang='lat' dir='ltr'>Gracilariam</span> <span class='ocrx_word' id='word_1_22' title='bbox 914 346 1144 401; x_wconf 86' lang='lat' dir='ltr'>quandam</span> <span class='ocrx_word' id='word_1_23' title='bbox 1193 348 1446 398; x_wconf 76' lang='lat' dir='ltr'>referentia,</span> <span class='ocrx_word' id='word_1_24' title='bbox 1487 364 1569 392; x_wconf 90' lang='lat' dir='ltr'>sua</span> <span class='ocrx_word' id='word_1_25' title='bbox 1601 351 1700 393; x_wconf 89' lang='lat' dir='ltr'>sub-</span> 
     </span>
     <span class='ocr_line' id='line_1_5' title="bbox 129 418 1702 473; baseline 0.001 -11"><span class='ocrx_word' id='word_1_26' title='bbox 129 420 292 462; x_wconf 86' lang='lat' dir='ltr'>stantia</span> <span class='ocrx_word' id='word_1_27' title='bbox 341 418 512 460; x_wconf 83' lang='lat' dir='ltr'>frondis</span> <span class='ocrx_word' id='word_1_28' title='bbox 561 418 705 473; x_wconf 89' lang='lat' dir='ltr'>magis</span> <span class='ocrx_word' id='word_1_29' title='bbox 751 432 950 469; x_wconf 86' lang='lat' dir='ltr'>carnosa,</span> <span class='ocrx_word' id='word_1_30' title='bbox 995 423 1037 460; x_wconf 89' lang='lat' dir='ltr'>et</span> <span class='ocrx_word' id='word_1_31' title='bbox 1069 418 1392 462; x_wconf 83' lang='lat' dir='ltr'>ramificatione</span> <span class='ocrx_word' id='word_1_32' title='bbox 1427 421 1595 463; x_wconf 87' lang='lat' dir='ltr'>laterali</span> <span class='ocrx_word' id='word_1_33' title='bbox 1630 421 1702 464; x_wconf 91' lang='lat' dir='ltr'>ad—</span> 
     </span>
     <span class='ocr_line' id='line_1_6' title="bbox 127 489 1700 546; baseline 0.002 -13"><span class='ocrx_word' id='word_1_34' title='bbox 127 491 313 533; x_wconf 89' lang='lat' dir='ltr'>modum</span> <span class='ocrx_word' id='word_1_35' title='bbox 362 489 679 545; x_wconf 85' lang='lat' dir='ltr'>decomposita.</span> <span class='ocrx_word' id='word_1_36' title='bbox 745 489 797 531; x_wconf 88' lang='lat' dir='ltr'>In</span> <span class='ocrx_word' id='word_1_37' title='bbox 830 489 988 531; x_wconf 87' lang='lat' dir='ltr'>infima</span> <span class='ocrx_word' id='word_1_38' title='bbox 1020 503 1100 531; x_wconf 89' lang='lat' dir='ltr'>sua</span> <span class='ocrx_word' id='word_1_39' title='bbox 1134 496 1259 545; x_wconf 87' lang='lat' dir='ltr'>parte</span> <span class='ocrx_word' id='word_1_40' title='bbox 1293 491 1469 546; x_wconf 86' lang='lat' dir='ltr'>stipitis,</span> <span class='ocrx_word' id='word_1_41' title='bbox 1505 494 1700 536; x_wconf 74' lang='lat' dir='ltr'>sectione</span> 
     </span>
     <span class='ocr_line' id='line_1_7' title="bbox 127 560 1700 619; baseline 0.002 -15"><span class='ocrx_word' id='word_1_42' title='bbox 127 563 248 605; x_wconf 83' lang='lat' dir='ltr'>facta</span> <span class='ocrx_word' id='word_1_43' title='bbox 295 560 596 611; x_wconf 77' lang='lat' dir='ltr'>transversali,</span> <span class='ocrx_word' id='word_1_44' title='bbox 646 560 811 603; x_wconf 81' lang='lat' dir='ltr'>axilem</span> <span class='ocrx_word' id='word_1_45' title='bbox 857 561 1093 616; x_wconf 86' lang='lat' dir='ltr'>siphonem</span> <span class='ocrx_word' id='word_1_46' title='bbox 1133 565 1178 603; x_wconf 91' lang='lat' dir='ltr'>at</span> <span class='ocrx_word' id='word_1_47' title='bbox 1209 576 1369 617; x_wconf 86' lang='lat' dir='ltr'>parum</span> <span class='ocrx_word' id='word_1_48' title='bbox 1404 564 1700 619; x_wconf 88' lang='lat' dir='ltr'>conspicuum</span> 
     </span>
     <span class='ocr_line' id='line_1_8' title="bbox 126 632 1701 691; baseline 0.001 -15"><span class='ocrx_word' id='word_1_49' title='bbox 126 647 445 689; x_wconf 72' lang='lat' dir='ltr'>recognoscere</span> <span class='ocrx_word' id='word_1_50' title='bbox 493 632 674 683; x_wconf 88' lang='lat' dir='ltr'>credidi,</span> <span class='ocrx_word' id='word_1_51' title='bbox 718 638 760 674; x_wconf 91' lang='lat' dir='ltr'>et</span> <span class='ocrx_word' id='word_1_52' title='bbox 805 633 915 687; x_wconf 90' lang='lat' dir='ltr'>quin</span> <span class='ocrx_word' id='word_1_53' title='bbox 950 633 1089 673; x_wconf 89' lang='lat' dir='ltr'>immo</span> <span class='ocrx_word' id='word_1_54' title='bbox 1121 633 1235 674; x_wconf 90' lang='lat' dir='ltr'>rami</span> <span class='ocrx_word' id='word_1_55' title='bbox 1268 633 1324 675; x_wconf 87' lang='lat' dir='ltr'>ad</span> <span class='ocrx_word' id='word_1_56' title='bbox 1358 634 1498 676; x_wconf 90' lang='lat' dir='ltr'>instar</span> <span class='ocrx_word' id='word_1_57' title='bbox 1532 636 1701 691; x_wconf 84' lang='lat' dir='ltr'>proprii</span> 
     </span>
     <span class='ocr_line' id='line_1_9' title="bbox 126 704 1698 760; baseline 0.002 -13"><span class='ocrx_word' id='word_1_58' title='bbox 126 705 181 747; x_wconf 88' lang='lat' dir='ltr'>ab</span> <span class='ocrx_word' id='word_1_59' title='bbox 231 719 282 747; x_wconf 94' lang='lat' dir='ltr'>eo</span> <span class='ocrx_word' id='word_1_60' title='bbox 330 704 670 760; x_wconf 78' lang='lat' dir='ltr'>provenientem</span> <span class='ocrx_word' id='word_1_61' title='bbox 719 704 955 759; x_wconf 86' lang='lat' dir='ltr'>siphonem</span> <span class='ocrx_word' id='word_1_62' title='bbox 1006 704 1284 746; x_wconf 90' lang='lat' dir='ltr'>consimilem</span> <span class='ocrx_word' id='word_1_63' title='bbox 1335 719 1568 749; x_wconf 80' lang='lat' dir='ltr'>excurrere</span> <span class='ocrx_word' id='word_1_64' title='bbox 1606 707 1698 750; x_wconf 88' lang='lat' dir='ltr'>vidi</span> 
     </span>
     <span class='ocr_line' id='line_1_10' title="bbox 126 775 1700 832; baseline 0.001 -14"><span class='ocrx_word' id='word_1_65' title='bbox 126 776 196 832; x_wconf 90' lang='lat' dir='ltr'>(ad</span> <span class='ocrx_word' id='word_1_66' title='bbox 243 790 423 818; x_wconf 89' lang='lat' dir='ltr'>ramum</span> <span class='ocrx_word' id='word_1_67' title='bbox 463 775 638 817; x_wconf 85' lang='lat' dir='ltr'>frondis</span> <span class='ocrx_word' id='word_1_68' title='bbox 672 775 987 820; x_wconf 81' lang='lat' dir='ltr'>sustinendum</span> <span class='ocrx_word' id='word_1_69' title='bbox 1021 775 1168 830; x_wconf 83' lang='lat' dir='ltr'>finxi);</span> <span class='ocrx_word' id='word_1_70' title='bbox 1220 781 1263 818; x_wconf 90' lang='lat' dir='ltr'>et</span> <span class='ocrx_word' id='word_1_71' title='bbox 1295 777 1416 819; x_wconf 92' lang='lat' dir='ltr'>hunc</span> <span class='ocrx_word' id='word_1_72' title='bbox 1449 777 1614 820; x_wconf 81' lang='lat' dir='ltr'>axilem</span> <span class='ocrx_word' id='word_1_73' title='bbox 1648 779 1700 820; x_wconf 87' lang='lat' dir='ltr'>si-</span> 
     </span>
     <span class='ocr_line' id='line_1_11' title="bbox 126 846 1702 903; baseline 0.001 -14"><span class='ocrx_word' id='word_1_74' title='bbox 126 849 327 903; x_wconf 82' lang='lat' dir='ltr'>phonem</span> <span class='ocrx_word' id='word_1_75' title='bbox 372 847 653 903; x_wconf 85' lang='lat' dir='ltr'>(solitarium)</span> <span class='ocrx_word' id='word_1_76' title='bbox 691 847 887 889; x_wconf 84' lang='lat' dir='ltr'>cinctum</span> <span class='ocrx_word' id='word_1_77' title='bbox 922 846 1015 889; x_wconf 86' lang='lat' dir='ltr'>vidi</span> <span class='ocrx_word' id='word_1_78' title='bbox 1048 847 1327 903; x_wconf 85' lang='lat' dir='ltr'>amplissimo</span> <span class='ocrx_word' id='word_1_79' title='bbox 1360 848 1579 903; x_wconf 84' lang='lat' dir='ltr'>adparatu</span> <span class='ocrx_word' id='word_1_80' title='bbox 1612 849 1702 892; x_wconf 88' lang='lat' dir='ltr'>filo-</span> 
     </span>
     <span class='ocr_line' id='line_1_12' title="bbox 126 918 1701 975; baseline 0.001 -14"><span class='ocrx_word' id='word_1_81' title='bbox 126 934 239 968; x_wconf 89' lang='lat' dir='ltr'>rum,</span> <span class='ocrx_word' id='word_1_82' title='bbox 278 934 471 975; x_wconf 86' lang='lat' dir='ltr'>quorum</span> <span class='ocrx_word' id='word_1_83' title='bbox 508 918 735 961; x_wconf 82' lang='lat' dir='ltr'>fasciculis</span> <span class='ocrx_word' id='word_1_84' title='bbox 778 919 952 960; x_wconf 86' lang='lat' dir='ltr'>filorum</span> <span class='ocrx_word' id='word_1_85' title='bbox 997 919 1380 971; x_wconf 88' lang='lat' dir='ltr'>tenuissimorum,</span> <span class='ocrx_word' id='word_1_86' title='bbox 1415 924 1605 962; x_wconf 88' lang='lat' dir='ltr'>stratum</span> <span class='ocrx_word' id='word_1_87' title='bbox 1638 921 1701 963; x_wconf 90' lang='lat' dir='ltr'>in-</span> 
     </span>
     <span class='ocr_line' id='line_1_13' title="bbox 125 990 1700 1046; baseline 0.001 -14"><span class='ocrx_word' id='word_1_88' title='bbox 125 992 263 1033; x_wconf 89' lang='lat' dir='ltr'>terius</span> <span class='ocrx_word' id='word_1_89' title='bbox 306 991 481 1033; x_wconf 80' lang='lat' dir='ltr'>frondis</span> <span class='ocrx_word' id='word_1_90' title='bbox 525 1005 651 1033; x_wconf 88' lang='lat' dir='ltr'>secus</span> <span class='ocrx_word' id='word_1_91' title='bbox 684 990 1014 1046; x_wconf 84' lang='lat' dir='ltr'>longitudinem</span> <span class='ocrx_word' id='word_1_92' title='bbox 1048 990 1389 1033; x_wconf 89' lang='lat' dir='ltr'>decurrentibus</span> <span class='ocrx_word' id='word_1_93' title='bbox 1422 996 1565 1033; x_wconf 92' lang='lat' dir='ltr'>totum</span> <span class='ocrx_word' id='word_1_94' title='bbox 1601 1006 1700 1034; x_wconf 90' lang='lat' dir='ltr'>con-</span> 
     </span>
     <span class='ocr_line' id='line_1_14' title="bbox 125 1062 1699 1118; baseline 0 -13"><span class='ocrx_word' id='word_1_95' title='bbox 125 1067 300 1105; x_wconf 80' lang='lat' dir='ltr'>textum</span> <span class='ocrx_word' id='word_1_96' title='bbox 326 1062 543 1113; x_wconf 88' lang='lat' dir='ltr'>dicerem;</span> <span class='ocrx_word' id='word_1_97' title='bbox 579 1067 704 1104; x_wconf 80' lang='lat' dir='ltr'>extra</span> <span class='ocrx_word' id='word_1_98' title='bbox 726 1062 848 1104; x_wconf 88' lang='lat' dir='ltr'>hunc</span> <span class='ocrx_word' id='word_1_99' title='bbox 871 1062 1047 1104; x_wconf 90' lang='lat' dir='ltr'>filorum</span> <span class='ocrx_word' id='word_1_100' title='bbox 1072 1062 1340 1117; x_wconf 84' lang='lat' dir='ltr'>adparatum</span> <span class='ocrx_word' id='word_1_101' title='bbox 1366 1063 1699 1118; x_wconf 88' lang='lat' dir='ltr'>amplissimum</span> 
     </span>
     <span class='ocr_line' id='line_1_15' title="bbox 124 1134 1699 1190; baseline 0.001 -14"><span class='ocrx_word' id='word_1_102' title='bbox 124 1135 250 1177; x_wconf 88' lang='lat' dir='ltr'>strati</span> <span class='ocrx_word' id='word_1_103' title='bbox 299 1134 522 1176; x_wconf 84' lang='lat' dir='ltr'>interioris</span> <span class='ocrx_word' id='word_1_104' title='bbox 571 1134 671 1189; x_wconf 87' lang='lat' dir='ltr'>(filis</span> <span class='ocrx_word' id='word_1_105' title='bbox 720 1148 832 1189; x_wconf 84' lang='lat' dir='ltr'>vage</span> <span class='ocrx_word' id='word_1_106' title='bbox 881 1134 1000 1175; x_wconf 90' lang='lat' dir='ltr'>intra</span> <span class='ocrx_word' id='word_1_107' title='bbox 1046 1148 1149 1175; x_wconf 89' lang='lat' dir='ltr'>suos</span> <span class='ocrx_word' id='word_1_108' title='bbox 1192 1134 1430 1176; x_wconf 85' lang='lat' dir='ltr'>fasciculos</span> <span class='ocrx_word' id='word_1_109' title='bbox 1472 1135 1699 1190; x_wconf 87' lang='lat' dir='ltr'>contortis)</span> 
     </span>
     <span class='ocr_line' id='line_1_16' title="bbox 124 1205 1700 1248; baseline 0.001 -1"><span class='ocrx_word' id='word_1_110' title='bbox 124 1206 216 1248; x_wconf 90' lang='lat' dir='ltr'>vidi</span> <span class='ocrx_word' id='word_1_111' title='bbox 251 1210 440 1248; x_wconf 90' lang='lat' dir='ltr'>stratum</span> <span class='ocrx_word' id='word_1_112' title='bbox 475 1205 670 1247; x_wconf 81' lang='lat' dir='ltr'>exterius</span> <span class='ocrx_word' id='word_1_113' title='bbox 703 1205 874 1247; x_wconf 77' lang='lat' dir='ltr'>frondis</span> <span class='ocrx_word' id='word_1_114' title='bbox 907 1210 1167 1247; x_wconf 78' lang='lat' dir='ltr'>contextum</span> <span class='ocrx_word' id='word_1_115' title='bbox 1203 1205 1294 1247; x_wconf 89' lang='lat' dir='ltr'>suis</span> <span class='ocrx_word' id='word_1_116' title='bbox 1323 1205 1409 1247; x_wconf 90' lang='lat' dir='ltr'>filis</span> <span class='ocrx_word' id='word_1_117' title='bbox 1433 1206 1700 1248; x_wconf 85' lang='lat' dir='ltr'>verticaliter</span> 
     </span>
     <span class='ocr_line' id='line_1_17' title="bbox 126 1276 1698 1331; baseline 0 -12"><span class='ocrx_word' id='word_1_118' title='bbox 126 1277 396 1319; x_wconf 86' lang='lat' dir='ltr'>exeuntibus</span> <span class='ocrx_word' id='word_1_119' title='bbox 440 1277 580 1319; x_wconf 86' lang='lat' dir='ltr'>multo</span> <span class='ocrx_word' id='word_1_120' title='bbox 624 1276 894 1318; x_wconf 88' lang='lat' dir='ltr'>firmioribus</span> <span class='ocrx_word' id='word_1_121' title='bbox 927 1277 974 1318; x_wconf 92' lang='lat' dir='ltr'>in</span> <span class='ocrx_word' id='word_1_122' title='bbox 1007 1277 1215 1318; x_wconf 87' lang='lat' dir='ltr'>interiore</span> <span class='ocrx_word' id='word_1_123' title='bbox 1250 1291 1329 1318; x_wconf 90' lang='lat' dir='ltr'>sua</span> <span class='ocrx_word' id='word_1_124' title='bbox 1362 1281 1502 1331; x_wconf 80' lang='lat' dir='ltr'>parte,</span> <span class='ocrx_word' id='word_1_125' title='bbox 1536 1282 1698 1319; x_wconf 88' lang='lat' dir='ltr'>extror-</span> 
     </span>
     <span class='ocr_line' id='line_1_18' title="bbox 124 1347 1699 1404; baseline 0.001 -14"><span class='ocrx_word' id='word_1_126' title='bbox 124 1363 226 1391; x_wconf 92' lang='lat' dir='ltr'>sum</span> <span class='ocrx_word' id='word_1_127' title='bbox 274 1348 566 1398; x_wconf 87' lang='lat' dir='ltr'>tenuioribus,</span> <span class='ocrx_word' id='word_1_128' title='bbox 612 1353 655 1390; x_wconf 91' lang='lat' dir='ltr'>et</span> <span class='ocrx_word' id='word_1_129' title='bbox 692 1353 846 1404; x_wconf 87' lang='lat' dir='ltr'>utpote</span> <span class='ocrx_word' id='word_1_130' title='bbox 880 1348 1145 1390; x_wconf 85' lang='lat' dir='ltr'>densissime</span> <span class='ocrx_word' id='word_1_131' title='bbox 1178 1347 1401 1403; x_wconf 86' lang='lat' dir='ltr'>congestis</span> <span class='ocrx_word' id='word_1_132' title='bbox 1432 1348 1510 1390; x_wconf 84' lang='lat' dir='ltr'>vix</span> <span class='ocrx_word' id='word_1_133' title='bbox 1542 1352 1593 1391; x_wconf 90' lang='lat' dir='ltr'>ut</span> <span class='ocrx_word' id='word_1_134' title='bbox 1624 1348 1699 1391; x_wconf 88' lang='lat' dir='ltr'>fila</span> 
     </span>
     <span class='ocr_line' id='line_1_19' title="bbox 123 1419 1697 1475; baseline 0.001 -14"><span class='ocrx_word' id='word_1_135' title='bbox 123 1420 350 1462; x_wconf 85' lang='lat' dir='ltr'>radiantia</span> <span class='ocrx_word' id='word_1_136' title='bbox 393 1419 730 1475; x_wconf 86' lang='lat' dir='ltr'>dignoscendis;</span> <span class='ocrx_word' id='word_1_137' title='bbox 781 1420 930 1475; x_wconf 87' lang='lat' dir='ltr'>potius</span> <span class='ocrx_word' id='word_1_138' title='bbox 968 1420 1150 1461; x_wconf 88' lang='lat' dir='ltr'>intimas</span> <span class='ocrx_word' id='word_1_139' title='bbox 1184 1419 1377 1461; x_wconf 87' lang='lat' dir='ltr'>dicerem</span> <span class='ocrx_word' id='word_1_140' title='bbox 1412 1419 1593 1462; x_wconf 85' lang='lat' dir='ltr'>cellulas</span> <span class='ocrx_word' id='word_1_141' title='bbox 1627 1420 1697 1462; x_wconf 91' lang='lat' dir='ltr'>ob-</span> 
     </span>
     <span class='ocr_line' id='line_1_20' title="bbox 122 1491 1697 1547; baseline -0.001 -14"><span class='ocrx_word' id='word_1_142' title='bbox 122 1492 294 1547; x_wconf 86' lang='lat' dir='ltr'>longas,</span> <span class='ocrx_word' id='word_1_143' title='bbox 347 1506 427 1533; x_wconf 92' lang='lat' dir='ltr'>suo</span> <span class='ocrx_word' id='word_1_144' title='bbox 477 1491 696 1534; x_wconf 88' lang='lat' dir='ltr'>diametro</span> <span class='ocrx_word' id='word_1_145' title='bbox 737 1491 1036 1547; x_wconf 77' lang='lat' dir='ltr'>2zplo—3:plo</span> <span class='ocrx_word' id='word_1_146' title='bbox 1070 1491 1303 1546; x_wconf 74' lang='lat' dir='ltr'>longiores,</span> <span class='ocrx_word' id='word_1_147' title='bbox 1340 1491 1530 1533; x_wconf 82' lang='lat' dir='ltr'>extimas</span> <span class='ocrx_word' id='word_1_148' title='bbox 1563 1491 1697 1547; x_wconf 84' lang='lat' dir='ltr'>cylin-</span> 
     </span>
     <span class='ocr_line' id='line_1_21' title="bbox 123 1562 1697 1618; baseline -0.001 -13"><span class='ocrx_word' id='word_1_149' title='bbox 123 1563 305 1605; x_wconf 89' lang='lat' dir='ltr'>draceas</span> <span class='ocrx_word' id='word_1_150' title='bbox 339 1567 381 1605; x_wconf 92' lang='lat' dir='ltr'>et</span> <span class='ocrx_word' id='word_1_151' title='bbox 415 1563 519 1605; x_wconf 88' lang='lat' dir='ltr'>hinc</span> <span class='ocrx_word' id='word_1_152' title='bbox 553 1562 823 1618; x_wconf 84' lang='lat' dir='ltr'>adparenter</span> <span class='ocrx_word' id='word_1_153' title='bbox 854 1562 1090 1618; x_wconf 88' lang='lat' dir='ltr'>longiores,</span> <span class='ocrx_word' id='word_1_154' title='bbox 1121 1567 1255 1618; x_wconf 85' lang='lat' dir='ltr'>atque</span> <span class='ocrx_word' id='word_1_155' title='bbox 1279 1562 1463 1604; x_wconf 91' lang='lat' dir='ltr'>demum</span> <span class='ocrx_word' id='word_1_156' title='bbox 1487 1563 1534 1604; x_wconf 90' lang='lat' dir='ltr'>in</span> <span class='ocrx_word' id='word_1_157' title='bbox 1557 1567 1697 1604; x_wconf 90' lang='lat' dir='ltr'>setam</span> 
     </span>
     <span class='ocr_line' id='line_1_22' title="bbox 122 1633 1698 1690; baseline 0 -14"><span class='ocrx_word' id='word_1_158' title='bbox 122 1639 410 1677; x_wconf 81' lang='lat' dir='ltr'>excurrentes</span> <span class='ocrx_word' id='word_1_159' title='bbox 459 1635 518 1690; x_wconf 90' lang='lat' dir='ltr'>(at</span> <span class='ocrx_word' id='word_1_160' title='bbox 566 1635 647 1677; x_wconf 85' lang='lat' dir='ltr'>has</span> <span class='ocrx_word' id='word_1_161' title='bbox 697 1640 812 1677; x_wconf 88' lang='lat' dir='ltr'>set-as</span> <span class='ocrx_word' id='word_1_162' title='bbox 861 1649 983 1677; x_wconf 89' lang='lat' dir='ltr'>nunc</span> <span class='ocrx_word' id='word_1_163' title='bbox 1021 1649 1183 1690; x_wconf 89' lang='lat' dir='ltr'>parum</span> <span class='ocrx_word' id='word_1_164' title='bbox 1216 1635 1508 1690; x_wconf 85' lang='lat' dir='ltr'>conspicuas).</span> <span class='ocrx_word' id='word_1_165' title='bbox 1574 1633 1698 1676; x_wconf 84' lang='lat' dir='ltr'>Intra</span> 
     </span>
     <span class='ocr_line' id='line_1_23' title="bbox 123 1705 1698 1762; baseline 0 -15"><span class='ocrx_word' id='word_1_166' title='bbox 123 1720 271 1747; x_wconf 89' lang='lat' dir='ltr'>ramos</span> <span class='ocrx_word' id='word_1_167' title='bbox 316 1706 519 1761; x_wconf 80' lang='lat' dir='ltr'>ejusdem</span> <span class='ocrx_word' id='word_1_168' title='bbox 560 1707 818 1762; x_wconf 84' lang='lat' dir='ltr'>speciminis</span> <span class='ocrx_word' id='word_1_169' title='bbox 852 1706 946 1749; x_wconf 88' lang='lat' dir='ltr'>vidi</span> <span class='ocrx_word' id='word_1_170' title='bbox 979 1706 1258 1762; x_wconf 89' lang='lat' dir='ltr'>cystocarpia</span> <span class='ocrx_word' id='word_1_171' title='bbox 1290 1706 1407 1748; x_wconf 90' lang='lat' dir='ltr'>circa</span> <span class='ocrx_word' id='word_1_172' title='bbox 1439 1705 1602 1748; x_wconf 77' lang='lat' dir='ltr'>axilem</span> <span class='ocrx_word' id='word_1_173' title='bbox 1636 1719 1698 1748; x_wconf 90' lang='lat' dir='ltr'>re-</span> 
     </span>
     <span class='ocr_line' id='line_1_24' title="bbox 122 1777 1697 1834; baseline 0.001 -16"><span class='ocrx_word' id='word_1_174' title='bbox 122 1778 301 1833; x_wconf 89' lang='lat' dir='ltr'>gionem</span> <span class='ocrx_word' id='word_1_175' title='bbox 346 1778 509 1820; x_wconf 90' lang='lat' dir='ltr'>ramuli</span> <span class='ocrx_word' id='word_1_176' title='bbox 550 1778 780 1834; x_wconf 83' lang='lat' dir='ltr'>disposita,</span> <span class='ocrx_word' id='word_1_177' title='bbox 815 1783 857 1820; x_wconf 83' lang='lat' dir='ltr'>et</span> <span class='ocrx_word' id='word_1_178' title='bbox 889 1792 1070 1833; x_wconf 86' lang='lat' dir='ltr'>quoque</span> <span class='ocrx_word' id='word_1_179' title='bbox 1103 1777 1176 1819; x_wconf 87' lang='lat' dir='ltr'>fila</span> <span class='ocrx_word' id='word_1_180' title='bbox 1209 1778 1284 1820; x_wconf 91' lang='lat' dir='ltr'>illa</span> <span class='ocrx_word' id='word_1_181' title='bbox 1317 1777 1553 1833; x_wconf 81' lang='lat' dir='ltr'>serpentia,</span> <span class='ocrx_word' id='word_1_182' title='bbox 1588 1777 1697 1832; x_wconf 87' lang='lat' dir='ltr'>ipsis</span> 
     </span>
     <span class='ocr_line' id='line_1_25' title="bbox 121 1849 1697 1905; baseline 0 -15"><span class='ocrx_word' id='word_1_183' title='bbox 121 1850 206 1891; x_wconf 85' lang='lat' dir='ltr'>filis</span> <span class='ocrx_word' id='word_1_184' title='bbox 249 1849 591 1904; x_wconf 88' lang='lat' dir='ltr'>gemmidiiferis</span> <span class='ocrx_word' id='word_1_185' title='bbox 634 1850 852 1905; x_wconf 87' lang='lat' dir='ltr'>originem</span> <span class='ocrx_word' id='word_1_186' title='bbox 898 1850 1058 1892; x_wconf 90' lang='lat' dir='ltr'>datura</span> <span class='ocrx_word' id='word_1_187' title='bbox 1091 1849 1303 1903; x_wconf 88' lang='lat' dir='ltr'>(articulis</span> <span class='ocrx_word' id='word_1_188' title='bbox 1335 1849 1593 1891; x_wconf 85' lang='lat' dir='ltr'>incrassatis</span> <span class='ocrx_word' id='word_1_189' title='bbox 1626 1862 1697 1890; x_wconf 86' lang='lat' dir='ltr'>va-</span> 
     </span>
     <span class='ocr_line' id='line_1_26' title="bbox 118 1919 1695 1976; baseline -0.001 -14"><span class='ocrx_word' id='word_1_190' title='bbox 118 1920 234 1970; x_wconf 88' lang='lat' dir='ltr'>lidis,</span> <span class='ocrx_word' id='word_1_191' title='bbox 271 1921 400 1976; x_wconf 84' lang='lat' dir='ltr'>quasi</span> <span class='ocrx_word' id='word_1_192' title='bbox 434 1922 708 1963; x_wconf 88' lang='lat' dir='ltr'>anastomosi</span> <span class='ocrx_word' id='word_1_193' title='bbox 742 1921 884 1963; x_wconf 84' lang='lat' dir='ltr'>multo</span> <span class='ocrx_word' id='word_1_194' title='bbox 916 1921 1120 1964; x_wconf 88' lang='lat' dir='ltr'>tenuiore</span> <span class='ocrx_word' id='word_1_195' title='bbox 1153 1921 1407 1976; x_wconf 86' lang='lat' dir='ltr'>conjunctis</span> <span class='ocrx_word' id='word_1_196' title='bbox 1439 1919 1695 1975; x_wconf 90' lang='lat' dir='ltr'>constituta)</span> 
     </span>
     <span class='ocr_line' id='line_1_27' title="bbox 120 1991 1696 2049; baseline -0.001 -16"><span class='ocrx_word' id='word_1_197' title='bbox 120 1992 228 2047; x_wconf 88' lang='lat' dir='ltr'>ipsis</span> <span class='ocrx_word' id='word_1_198' title='bbox 263 1992 348 2034; x_wconf 86' lang='lat' dir='ltr'>filis</span> <span class='ocrx_word' id='word_1_199' title='bbox 380 1993 727 2048; x_wconf 89' lang='lat' dir='ltr'>gemmidiorum</span> <span class='ocrx_word' id='word_1_200' title='bbox 763 1993 971 2049; x_wconf 88' lang='lat' dir='ltr'>multiplo</span> <span class='ocrx_word' id='word_1_201' title='bbox 1005 1993 1222 2035; x_wconf 86' lang='lat' dir='ltr'>crassiora</span> <span class='ocrx_word' id='word_1_202' title='bbox 1244 2017 1300 2023; x_wconf 86' lang='lat'>—-</span> <span class='ocrx_word' id='word_1_203' title='bbox 1329 1996 1372 2034; x_wconf 91' lang='lat' dir='ltr'>et</span> <span class='ocrx_word' id='word_1_204' title='bbox 1404 1991 1474 2034; x_wconf 91' lang='grc'><strong>1115</strong></span> <span class='ocrx_word' id='word_1_205' title='bbox 1508 1991 1696 2033; x_wconf 88' lang='lat' dir='ltr'>suaden-</span> 
     </span>
     <span class='ocr_line' id='line_1_28' title="bbox 123 2063 1695 2107; baseline -0.001 -2"><span class='ocrx_word' id='word_1_206' title='bbox 123 2063 239 2105; x_wconf 88' lang='lat' dir='ltr'>tibus</span> <span class='ocrx_word' id='word_1_207' title='bbox 289 2063 343 2106; x_wconf 91' lang='lat' dir='ltr'>de</span> <span class='ocrx_word' id='word_1_208' title='bbox 391 2064 609 2106; x_wconf 89' lang='lat' dir='ltr'>affinitate</span> <span class='ocrx_word' id='word_1_209' title='bbox 659 2064 846 2106; x_wconf 86' lang='lat' dir='ltr'>Generis</span> <span class='ocrx_word' id='word_1_210' title='bbox 888 2079 968 2107; x_wconf 91' lang='lat' dir='ltr'>suo</span> <span class='ocrx_word' id='word_1_211' title='bbox 1007 2064 1140 2106; x_wconf 89' lang='lat' dir='ltr'>modo</span> <span class='ocrx_word' id='word_1_212' title='bbox 1173 2064 1384 2106; x_wconf 88' lang='lat' dir='ltr'>testantia</span> <span class='ocrx_word' id='word_1_213' title='bbox 1416 2089 1474 2092; x_wconf 88' lang='lat'>——</span> <span class='ocrx_word' id='word_1_214' title='bbox 1506 2067 1556 2104; x_wconf 87' lang='lat' dir='ltr'>ut</span> <span class='ocrx_word' id='word_1_215' title='bbox 1588 2063 1695 2104; x_wconf 87' lang='lat' dir='ltr'>olim</span> 
     </span>
     <span class='ocr_line' id='line_1_29' title="bbox 121 2134 1696 2191; baseline -0.001 -15"><span class='ocrx_word' id='word_1_216' title='bbox 121 2135 205 2177; x_wconf 92' lang='lat' dir='ltr'>hoc</span> <span class='ocrx_word' id='word_1_217' title='bbox 254 2134 458 2177; x_wconf 83' lang='lat' dir='ltr'>iconibus</span> <span class='ocrx_word' id='word_1_218' title='bbox 508 2135 623 2177; x_wconf 89' lang='lat' dir='ltr'>datis</span> <span class='ocrx_word' id='word_1_219' title='bbox 669 2135 715 2177; x_wconf 90' lang='lat' dir='ltr'>in</span> <span class='ocrx_word' id='word_1_220' title='bbox 757 2136 1008 2178; x_wconf 88' lang='lat' dir='ltr'>Generibus</span> <span class='ocrx_word' id='word_1_221' title='bbox 1041 2135 1315 2191; x_wconf 89' lang='lat' dir='ltr'>quibusdam</span> <span class='ocrx_word' id='word_1_222' title='bbox 1348 2135 1567 2176; x_wconf 86' lang='lat' dir='ltr'>affinitate</span> <span class='ocrx_word' id='word_1_223' title='bbox 1600 2147 1696 2189; x_wconf 90' lang='lat' dir='ltr'>pro-</span> 
     </span>
     <span class='ocr_line' id='line_1_30' title="bbox 119 2204 1693 2255; baseline -0.001 -8"><span class='ocrx_word' id='word_1_224' title='bbox 119 2206 253 2248; x_wconf 82' lang='lat' dir='ltr'>ximis</span> <span class='ocrx_word' id='word_1_225' title='bbox 307 2206 506 2248; x_wconf 89' lang='lat' dir='ltr'>indicare</span> <span class='ocrx_word' id='word_1_226' title='bbox 559 2211 746 2249; x_wconf 88' lang='lat' dir='ltr'>conatus</span> <span class='ocrx_word' id='word_1_227' title='bbox 799 2222 914 2249; x_wconf 90' lang='lat' dir='ltr'>sum.</span> <span class='ocrx_word' id='word_1_228' title='bbox 995 2206 1356 2249; x_wconf 86' lang='lat' dir='ltr'>Gemmidiorum</span> <span class='ocrx_word' id='word_1_229' title='bbox 1409 2204 1693 2255; x_wconf 87' lang='lat' dir='ltr'>fasciculum,</span> 
     </span>
     <span class='ocr_line' id='line_1_31' title="bbox 120 2275 1695 2334; baseline -0.001 -15"><span class='ocrx_word' id='word_1_230' title='bbox 120 2292 256 2333; x_wconf 87' lang='lat' dir='ltr'>quem</span> <span class='ocrx_word' id='word_1_231' title='bbox 304 2278 351 2319; x_wconf 93' lang='lat' dir='ltr'>in</span> <span class='ocrx_word' id='word_1_232' title='bbox 400 2278 645 2334; x_wconf 87' lang='lat' dir='ltr'>specimine</span> <span class='ocrx_word' id='word_1_233' title='bbox 695 2279 812 2321; x_wconf 87' lang='lat' dir='ltr'>dicto</span> <span class='ocrx_word' id='word_1_234' title='bbox 860 2279 1097 2321; x_wconf 85' lang='lat' dir='ltr'>observare</span> <span class='ocrx_word' id='word_1_235' title='bbox 1146 2278 1344 2333; x_wconf 88' lang='lat' dir='ltr'>contigit,</span> <span class='ocrx_word' id='word_1_236' title='bbox 1391 2281 1544 2319; x_wconf 88' lang='lat' dir='ltr'>tamen</span> <span class='ocrx_word' id='word_1_237' title='bbox 1583 2275 1695 2318; x_wconf 88' lang='lat' dir='ltr'>mihi</span> 
     </span>
     <span class='ocr_line' id='line_1_32' title="bbox 119 2346 1696 2406; baseline -0.001 -16"><span class='ocrx_word' id='word_1_238' title='bbox 119 2349 356 2391; x_wconf 89' lang='lat' dir='ltr'>obvenisse</span> <span class='ocrx_word' id='word_1_239' title='bbox 399 2349 606 2401; x_wconf 91' lang='lat' dir='ltr'>dicerem,</span> <span class='ocrx_word' id='word_1_240' title='bbox 655 2351 785 2405; x_wconf 87' lang='lat' dir='ltr'>quasi</span> <span class='ocrx_word' id='word_1_241' title='bbox 830 2355 978 2406; x_wconf 89' lang='lat' dir='ltr'>partes</span> <span class='ocrx_word' id='word_1_242' title='bbox 1012 2351 1272 2406; x_wconf 86' lang='lat' dir='ltr'>superstites</span> <span class='ocrx_word' id='word_1_243' title='bbox 1306 2349 1459 2391; x_wconf 85' lang='lat' dir='ltr'>sistere</span> <span class='ocrx_word' id='word_1_244' title='bbox 1492 2346 1696 2390; x_wconf 79' lang='lat' dir='ltr'>fasciculi</span> 
     </span>
     <span class='ocr_line' id='line_1_33' title="bbox 118 2420 1692 2477; baseline -0.001 -16"><span class='ocrx_word' id='word_1_245' title='bbox 118 2420 312 2462; x_wconf 90' lang='lat' dir='ltr'>nimium</span> <span class='ocrx_word' id='word_1_246' title='bbox 362 2422 541 2472; x_wconf 88' lang='lat' dir='ltr'>evoluti,</span> <span class='ocrx_word' id='word_1_247' title='bbox 593 2422 742 2477; x_wconf 87' lang='lat' dir='ltr'>potius</span> <span class='ocrx_word' id='word_1_248' title='bbox 790 2436 927 2477; x_wconf 87' lang='lat' dir='ltr'>quam</span> <span class='ocrx_word' id='word_1_249' title='bbox 976 2423 1058 2464; x_wconf 90' lang='lat' dir='ltr'>rite</span> <span class='ocrx_word' id='word_1_250' title='bbox 1106 2421 1322 2477; x_wconf 86' lang='lat' dir='ltr'>vigentis;</span> <span class='ocrx_word' id='word_1_251' title='bbox 1373 2434 1510 2476; x_wconf 89' lang='lat' dir='ltr'>quare</span> <span class='ocrx_word' id='word_1_252' title='bbox 1552 2423 1692 2461; x_wconf 86' lang='lat' dir='ltr'>totam</span> 
     </span>
     <span class='ocr_line' id='line_1_34' title="bbox 119 2490 1694 2547; baseline -0.001 -14"><span class='ocrx_word' id='word_1_253' title='bbox 119 2492 323 2547; x_wconf 88' lang='lat' dir='ltr'>plantam</span> <span class='ocrx_word' id='word_1_254' title='bbox 377 2493 446 2535; x_wconf 91' lang='lat' dir='ltr'>his</span> <span class='ocrx_word' id='word_1_255' title='bbox 500 2493 679 2547; x_wconf 87' lang='lat' dir='ltr'>organis</span> <span class='ocrx_word' id='word_1_256' title='bbox 731 2493 998 2536; x_wconf 88' lang='lat' dir='ltr'>instructam</span> <span class='ocrx_word' id='word_1_257' title='bbox 1053 2493 1239 2535; x_wconf 89' lang='lat' dir='ltr'>senilem</span> <span class='ocrx_word' id='word_1_258' title='bbox 1293 2492 1434 2534; x_wconf 86' lang='lat' dir='ltr'>fuisse</span> <span class='ocrx_word' id='word_1_259' title='bbox 1487 2490 1694 2533; x_wconf 88' lang='lat' dir='ltr'>lubenter</span> 
     </span>
     <span class='ocr_line' id='line_1_35' title="bbox 118 2563 402 2618; baseline 0.004 -14"><span class='ocrx_word' id='word_1_260' title='bbox 118 2563 402 2618; x_wconf 82' lang='lat' dir='ltr'>conjicerem.</span> 
     </span>
    </p>

    <p class='ocr_par' dir='ltr' id='par_1_3' title="bbox 77 2634 1693 2903">
     <span class='ocr_line' id='line_1_36' title="bbox 262 2634 1693 2691; baseline -0.001 -16"><span class='ocrx_word' id='word_1_261' title='bbox 262 2634 455 2676; x_wconf 90' lang='lat' dir='ltr'>Demum</span> <span class='ocrx_word' id='word_1_262' title='bbox 506 2650 611 2678; x_wconf 84' lang='lat' dir='ltr'>vero</span> <span class='ocrx_word' id='word_1_263' title='bbox 660 2635 772 2677; x_wconf 87' lang='lat' dir='ltr'>mihi</span> <span class='ocrx_word' id='word_1_264' title='bbox 822 2635 1020 2678; x_wconf 85' lang='lat' dir='ltr'>adfuisse</span> <span class='ocrx_word' id='word_1_265' title='bbox 1068 2636 1283 2691; x_wconf 75' lang='lat' dir='ltr'>plantam,</span> <span class='ocrx_word' id='word_1_266' title='bbox 1334 2634 1514 2690; x_wconf 89' lang='lat' dir='ltr'>qualem</span> <span class='ocrx_word' id='word_1_267' title='bbox 1553 2636 1693 2688; x_wconf 88' lang='lat' dir='ltr'>cysto-</span> 
     </span>
     <span class='ocr_line' id='line_1_37' title="bbox 118 2703 1693 2762; baseline -0.001 -16"><span class='ocrx_word' id='word_1_268' title='bbox 118 2705 400 2760; x_wconf 86' lang='lat' dir='ltr'>carpiiferam</span> <span class='ocrx_word' id='word_1_269' title='bbox 444 2720 549 2748; x_wconf 85' lang='lat' dir='ltr'>mox</span> <span class='ocrx_word' id='word_1_270' title='bbox 593 2721 730 2762; x_wconf 87' lang='lat' dir='ltr'>supra</span> <span class='ocrx_word' id='word_1_271' title='bbox 769 2706 1018 2749; x_wconf 89' lang='lat' dir='ltr'>describere</span> <span class='ocrx_word' id='word_1_272' title='bbox 1050 2712 1238 2749; x_wconf 89' lang='lat' dir='ltr'>conatus</span> <span class='ocrx_word' id='word_1_273' title='bbox 1271 2720 1385 2756; x_wconf 84' lang='lat' dir='ltr'>sum,</span> <span class='ocrx_word' id='word_1_274' title='bbox 1421 2719 1501 2747; x_wconf 89' lang='lat' dir='ltr'>suo</span> <span class='ocrx_word' id='word_1_275' title='bbox 1535 2703 1693 2746; x_wconf 89' lang='lat' dir='ltr'>habitu</span> 
     </span>
     <span class='ocr_line' id='line_1_38' title="bbox 119 2775 1688 2834; baseline 0 -18"><span class='ocrx_word' id='word_1_276' title='bbox 119 2776 261 2831; x_wconf 88' lang='lat' dir='ltr'>magis</span> <span class='ocrx_word' id='word_1_277' title='bbox 306 2776 653 2819; x_wconf 85' lang='lat' dir='ltr'>Gracilarioideo</span> <span class='ocrx_word' id='word_1_278' title='bbox 699 2777 851 2834; x_wconf 87' lang='lat' dir='ltr'>(quam</span> <span class='ocrx_word' id='word_1_279' title='bbox 896 2777 1288 2833; x_wconf 86' lang='lat' dir='ltr'>Halymenioideo)</span> <span class='ocrx_word' id='word_1_280' title='bbox 1323 2775 1688 2831; x_wconf 81' lang='lat' dir='ltr'>dignoscendam,</span> 
     </span>
     <span class='ocr_line' id='line_1_39' title="bbox 77 2845 1691 2903; baseline 0 -16"><span class='ocrx_word' id='word_1_281' title='bbox 77 2875 79 2878; x_wconf 28' lang='grc' dir='ltr'><strong><em>ι</em></strong></span> <span class='ocrx_word' id='word_1_282' title='bbox 120 2860 256 2901; x_wconf 84' lang='lat' dir='ltr'>quam</span> <span class='ocrx_word' id='word_1_283' title='bbox 300 2852 450 2890; x_wconf 84' lang='lat' dir='ltr'>tamen</span> <span class='ocrx_word' id='word_1_284' title='bbox 496 2849 690 2891; x_wconf 88' lang='lat' dir='ltr'>dicerem</span> <span class='ocrx_word' id='word_1_285' title='bbox 733 2850 825 2892; x_wconf 91' lang='lat' dir='ltr'>suis</span> <span class='ocrx_word' id='word_1_286' title='bbox 871 2850 1006 2891; x_wconf 89' lang='lat' dir='ltr'>ramis</span> <span class='ocrx_word' id='word_1_287' title='bbox 1039 2849 1296 2892; x_wconf 87' lang='lat' dir='ltr'>lateralibus</span> <span class='ocrx_word' id='word_1_288' title='bbox 1330 2845 1691 2903; x_wconf 89' lang='lat' dir='ltr'>simpliciusculis</span> 
     </span>
    </p>
   </div>
  </div>
 </body>
</html>
