1779 3068
89 124 115 165 2

88 241 276 284 dearum
323 240 479 295 paucis
521 243 699 281 tantum
741 238 1014 294 quibusdam
1048 240 1282 296 speciebus
1315 241 1562 285 observatis
1594 243 1659 284 in-

87 312 263 362 sistere3
299 315 341 353 et
372 311 488 352 inter
520 310 601 352 has
634 324 815 365 quoque
846 309 1007 352 iisdem
1037 311 1289 366 contigisse,
1314 313 1508 355 —inter
1531 327 1657 369 argu-

86 388 239 425 menta
271 396 353 424 sua
385 395 523 437 quam
555 381 752 423 maxime
784 381 1022 436 probantia
1053 407 1111 413 —-
1143 382 1345 437 plantam
1378 397 1654 434 enumerare,

87 468 223 509 quam
273 453 355 495 rite
403 452 707 495 examinatam
756 466 811 494 ne
853 451 1070 495 Florideis
1112 452 1296 508 quidem
1329 454 1552 509 pertinere
1585 455 1657 497 do-

85 529 275 567 cuerunt
315 524 649 567 observationes
690 523 963 579 jamdudum
1007 524 1146 575 factae,
1182 529 1225 567 et
1262 524 1317 566 de
1349 525 1479 580 cujus
1512 525 1657 567 affini-

85 600 174 638 tate
215 595 400 638 omnino
443 594 621 637 diversa
661 595 835 636 nullam
873 594 962 636 scio
994 594 1112 637 inter
1143 595 1384 651 Algologos
1417 596 1658 639 hodiernos

85 667 310 723 opinionis
343 665 661 708 diversitatem.

227 738 349 780 Inter
381 738 558 792 plantas
591 737 820 788 nimirum,
847 751 960 793 quas
992 737 1039 779 in
1065 751 1186 780 nova
1208 737 1498 793 dispositione
1521 738 1655 781 Flori-

84 810 271 853 dearum
316 808 615 852 consulendas
657 813 911 850 memorant
952 813 1050 851 tum
1088 809 1324 861 Oltmcmns,
1358 813 1455 851 tum
1495 810 1657 853 Davies

83 881 317 937 speciatim
349 894 531 936 quoque
562 883 816 922 memorant
848 879 1002 922 Genus
1034 879 1144 922 illud
1184 880 1459 931 Ooleochoetz's,
1495 881 1531 922 si
1564 895 1656 923 non

83 953 212 1008 quasi
261 951 511 1003 cardinem,
561 951 678 993 circa
726 965 863 1006 quem
911 955 1191 993 verterentur
1242 951 1347 994 novi
1400 952 1655 1007 systematis

83 1025 393 1068 Floridearum
425 1022 552 1065 radia
584 1022 782 1073 diversa;
816 1026 968 1064 tamen
1002 1022 1278 1064 characteres
1305 1022 1443 1079 hujus
1467 1022 1654 1065 Generis

82 1097 280 1139 indicare
314 1109 550 1151 quousque
581 1093 851 1136 descendere
880 1093 1141 1136 Viderentur
1163 1094 1322 1136 formae
1345 1093 1380 1135 F
1382 1093 1655 1136 loridearum

81 1168 250 1210 infimae
291 1167 339 1209 in
381 1166 635 1209 evolutione
668 1165 808 1220 ipsius
840 1164 1028 1215 frondis,
1065 1166 1339 1208 conservatis
1371 1169 1524 1207 tamen
1556 1166 1655 1208 cha-

80 1239 328 1282 racteribus
376 1237 541 1292 quibus
589 1237 810 1278 familiam
859 1235 1142 1291 designatam
1186 1237 1438 1279 voluerunt.
1503 1237 1656 1279 Placet

79 1311 179 1366 ipsa
211 1309 348 1352 verba
381 1309 555 1358 afferre,
591 1307 756 1363 quibus
789 1307 873 1349 hoc
907 1307 1060 1349 Genus
1090 1307 1355 1350 Ooleochoetis
1381 1311 1651 1350 memorant:

232 1381 295 1422 »It
327 1393 471 1422 seems
503 1379 620 1421 clear
648 1378 746 1420 that
768 1379 843 1420 the
866 1378 1191 1434 physiological
1213 1378 1465 1420 conditions
1489 1378 1655 1434 during

81 1453 156 1495 the
198 1465 426 1507 processes
471 1451 516 1492 of
556 1449 842 1492 fertilisation
886 1450 933 1491 in
970 1450 1200 1492 Nemacion
1231 1463 1306 1491 are
1337 1449 1465 1492 those
1498 1450 1546 1492 of
1579 1450 1654 1492 the

82 1538 129 1567 so
162 1523 303 1567 called
337 1522 522 1577 oosporz'c
553 1527 659 1578 type
692 1522 740 1563 of
763 1520 1081 1577 reproduction
1105 1521 1193 1563 and
1218 1535 1292 1563 are
1314 1524 1393 1563 not
1415 1521 1655 1577 essentialy

81 1596 291 1638 different
323 1595 442 1636 from
474 1593 550 1635 the
583 1598 696 1635 state
729 1593 777 1634 of
809 1593 963 1634 affairs
997 1592 1229 1634 described
1262 1592 1330 1634 for
1362 1592 1473 1635 such
1501 1606 1527 1634 a
1549 1597 1654 1648 type

80 1681 128 1710 as
167 1667 422 1710 Uolcochcete.
488 1665 583 1707 The
626 1664 890 1706 differences
934 1663 1133 1706 between
1176 1664 1251 1705 the
1284 1667 1370 1706 two
1403 1664 1545 1706 forms
1578 1677 1652 1706 are

80 1737 331 1781 concerned
364 1736 467 1779 with
502 1736 577 1778 the
610 1735 907 1791 morphology
929 1735 975 1777 of
996 1735 1072 1777 the
1094 1734 1386 1777 antherozoid
1409 1734 1499 1777 and
1522 1749 1651 1789 oogo-

80 1810 207 1852 nium
251 1808 340 1863 (the
382 1808 512 1850 latter
553 1808 599 1849 in
641 1811 815 1849 oustom
858 1806 1031 1849 termed
1072 1820 1098 1848 a
1135 1805 1459 1861 carpogonium
1491 1806 1539 1847 in
1571 1807 1654 1849 Ne-

80 1880 255 1936 malz'on)
303 1879 393 1921 and
441 1883 519 1921 not
559 1879 665 1921 with
713 1878 788 1920 the
835 1877 1103 1933 physiology
1146 1877 1194 1919 os:
1234 1877 1310 1919 the
1351 1876 1506 1919 sexual
1538 1881 1648 1919 act.»

79 1953 142 1994 ita
173 1952 347 1995 Davies.

225 2022 526 2078 Sequentibus
574 2025 725 2064 autem
766 2021 915 2064 verbis
963 2020 1017 2062 de
1065 2019 1223 2063 eodem
1268 2020 1396 2076 Typo
1435 2019 1652 2062 Generico

81 2094 258 2151 scripsit
296 2094 540 2137 Oltmanns:

230 2165 322 2207 »Im
356 2165 582 2220 Uebrigen
610 2163 739 2206 klebe
761 2163 835 2205 ich
858 2163 1084 2205 durchaus
1107 2162 1232 2205 nicht
1254 2176 1313 2204 an
1336 2162 1414 2204 der
1436 2162 1652 2204 strichten

83 2236 477 2292 Unterscheidung
518 2235 596 2278 der
634 2234 811 2291 beyden
844 2234 1189 2276 Generationen.
1254 2232 1349 2275 Auf
1382 2232 1539 2275 Grund
1574 2232 1652 2275 der

80 2308 226 2351 vielen
258 2309 366 2364 jetzt
396 2308 443 2350 in
477 2307 621 2350 dieser
642 2307 873 2361 Richtung
897 2305 1215 2361 vorliegenden
1237 2304 1651 2359 Untersuchungen

79 2380 137 2422 ist
184 2394 230 2422 es
277 2380 324 2435 ja
371 2379 474 2422 sehr
514 2379 631 2421 wohl
678 2377 873 2433 moglich
923 2377 1025 2419 dass
1074 2390 1235 2419 unsel-e
1279 2375 1511 2431 hautigere
1544 2374 1650 2416 Auf-

79 2452 324 2506 fassungen
372 2450 483 2493 uber
530 2450 651 2492 diese
688 2449 835 2504 Dinge
870 2448 973 2491 sehr
1004 2447 1110 2490 bald
1142 2447 1307 2490 einmal
1338 2446 1410 2489 ins
1442 2446 1650 2489 Wanken

78 2523 294 2578 gerathen
336 2521 527 2564 werden.
592 2521 780 2564 Worauf
818 2534 863 2563 es
906 2519 992 2562 mir
1024 2517 1383 2561 ausschliesslich
1415 2517 1650 2559 ankommt

77 2593 135 2635 ist
183 2593 262 2635 der
304 2593 509 2636 Versuch
556 2606 612 2634 zu
659 2592 813 2647 zeigen
855 2591 937 2634 wie
979 2591 1052 2633 ich
1090 2590 1192 2632 dass
1226 2589 1366 2632 sehon
1397 2589 1446 2630 in
1478 2588 1650 2630 meiner

78 2664 235 2707 Arbeit
281 2663 392 2706 uber
444 2663 689 2706 Coleochoete
735 2662 928 2724 betonte,
978 2661 1082 2704 dass
1129 2675 1175 2704 es
1223 2660 1340 2703 auch
1387 2663 1519 2702 unter
1561 2658 1648 2701 den

77 2735 251 2780 hohern
311 2734 645 2790 Thallophyten
697 2748 849 2790 grosse
911 2733 1129 2789 Gruppen
1180 2731 1303 2788 giebt
1355 2730 1492 2774 deren
1544 2729 1647 2772 Ent-

80 2806 476 2861 wickelungsgang
527 2805 848 2860 demjehnigen
902 2803 979 2847 der
1037 2804 1188 2845 Moose
1241 2801 1499 2858 entspricht.
1569 2799 1648 2842 Ich

78 2876 239 2930 glaube
272 2877 378 2919 aber
410 2876 527 2919 auch
557 2876 666 2932 jetzt
698 2876 814 2918 noch
847 2874 1014 2918 einmal
1047 2874 1242 2917 betonen
1275 2887 1329 2915 zu
1362 2872 1501 2915 sollen
1544 2871 1646 2913 dass
