1779 3068
107 96 162 135 36
729 92 1055 133 GRACILARIAE.
1071 122 1080 129 .

108 224 262 252 versus
295 209 633 258 adscendentes,
667 209 922 251 evolutione
956 208 1153 264 quadam
1187 210 1388 265 ipsarum
1416 211 1678 253 cellularum

107 280 315 322 frondem
366 280 736 321 constituentium
788 279 930 334 magis
976 279 1204 334 perducta,
1245 280 1289 321 id
1322 280 1455 323 hodie
1489 281 1599 323 mihi
1630 282 1679 323 in

108 352 374 392 memoriam
408 350 712 393 revocandum
752 350 979 406 adparuit;
1029 355 1074 392 at
1105 351 1153 392 in
1186 351 1255 393 his
1288 352 1497 395 omnibus
1530 353 1679 408 potius

108 422 292 464 modum
344 421 526 463 vivendi
575 428 653 462 aut
700 421 968 463 evolutionis
1016 421 1252 476 cujusdam
1303 422 1496 464 stadium
1541 437 1677 478 quam

107 494 309 548 typicum
355 492 581 547 quendam
621 492 937 542 characterem,
974 491 1085 533 mihi
1118 492 1367 534 suboluisse
1400 498 1606 548 putarem
1625 492 1677 547 ³³⁸).

251 563 400 619 Ipsam
445 564 636 605 forma-m
683 564 945 605 exteriorem
987 563 1173 611 frondis,
1209 577 1345 618 quam
1381 564 1426 605 in
1461 563 1678 606 Floridea-

108 649 206 676 rum
253 633 503 676 Generibus
546 634 709 689 saepius
748 634 1026 676 characteres
1059 634 1295 688 cujusdam
1331 634 1495 677 valoris
1528 635 1680 677 sistere

108 710 337 762 putarunt,
383 705 499 747 hanc
536 706 582 746 in
617 705 715 746 aliis
749 704 990 760 Speciebus
1024 705 1279 747 Gracilariee
1313 706 1498 748 Generis
1532 707 1681 748 admo-

108 778 215 819 dum
251 777 480 819 diversum
513 776 726 818 obvenire
758 790 889 832 posse
923 790 1103 831 quoque
1131 776 1280 832 plures
1303 777 1463 819 affines
1488 777 1677 833 Species,

107 849 190 890 hoc
224 855 427 903 respectu
463 847 674 897 diversas,
710 862 782 890 me
813 846 1084 902 jamdudum
1119 847 1322 889 docuisse
1357 848 1555 890 memini.
1614 848 1682 891 Ita

108 919 190 961 sub
224 919 408 961 nomine
441 919 577 961 Podez'
608 919 849 961 sectionem
885 919 1112 974 propriam
1148 918 1403 961 Gracilariae
1438 919 1679 975 Speciebus

108 991 266 1032 fronde
300 990 436 1046 plana
469 990 702 1032 distinctas
736 1003 964 1031 assumere
997 1004 1134 1031 ausus
1167 1004 1281 1040 sum,
1323 1004 1461 1045 quam
1494 990 1549 1032 ab
1583 990 1680 1033 aliis

108 1062 364 1104 Gsracilariis
398 1062 526 1117 quasi
560 1061 720 1117 typicis
754 1087 809 1090 —
843 1061 1004 1103 stronde
1038 1061 1323 1103 teretiuscula
1356 1061 1575 1104 distinctis
1608 1088 1678 1111 d,

108 1138 175 1175 sat
208 1133 446 1188 conspicue
481 1132 680 1174 diversas
714 1132 919 1174 lubenter
952 1146 1253 1187 agnoscerem.
1311 1133 1475 1175 Praeter
1502 1133 1678 1188 Species

108 1210 308 1259 tempore
357 1203 569 1246 Grevillei
617 1204 832 1257 cognitas,
883 1217 1146 1245 numerosas
1191 1204 1302 1245 alias
1341 1209 1495 1259 postea
1526 1204 1678 1254 habui,

108 1276 272 1330 quibus
327 1275 595 1317 ducentibus
649 1289 829 1329 quoque
877 1274 1147 1329 jamdudum
1196 1275 1422 1330 cognitum
1474 1280 1678 1330 putarem

110 1346 388 1388 characteres
435 1346 691 1388 Gracilariae
734 1346 919 1387 Generis
961 1350 1056 1387 tum
1092 1360 1146 1388 ex
1178 1346 1276 1401 ipsa
1310 1350 1531 1388 structura
1565 1347 1680 1388 fron-

111 1417 191 1467 dis,
243 1423 337 1459 tum
389 1432 442 1459 ex
488 1416 639 1459 indole
672 1417 1027 1479 fructificationis
1061 1417 1143 1459 sibi
1179 1417 1360 1472 propria¹
1394 1417 1552 1458 melius
1587 1431 1682 1459 esse

109 1488 409 1531 deducendos.

252 1713 384 1762 Quod
418 1720 568 1755 autem
602 1714 648 1755 in
679 1714 851 1755 Genere
876 1713 1132 1755 Gracilariae
1156 1713 1565 1755 characteristicum
1589 1728 1682 1769 per-

108 1800 289 1827 manere
337 1785 563 1826 crederem
596 1812 652 1815 ——
686 1799 985 1841 quaecumque
1035 1785 1123 1827 sint
1170 1790 1247 1826 aut
1295 1785 1341 1825 in
1389 1785 1486 1839 ipsa
1535 1785 1681 1827 forma

252 1964 282 2005 '³³23
309 1965 345 1998 Si
386 1965 500 2007 igitur
538 1965 688 1998 facilius
728 1965 822 1998 mihi
860 1976 1083 2008 persuasum
1115 1965 1229 1998 habui
1258 1965 1412 1998 frondes
1442 1963 1507 1998 Gr.
1538 1962 1683 2007 Omiser-

111 2023 224 2058 voidz's
263 2028 300 2058 et
341 2023 405 2058 Gr.
434 2034 643 2067 compo-essse
681 2027 718 2058 et
756 2025 885 2057 forsan
925 2034 1073 2066 quoque
1113 2024 1271 2057 aliarum
1319 2023 1535 2067 Specierum
1575 2023 1682 2065 quasi

108 2084 445 2117 transformatione
484 2084 646 2125 quadam
688 2084 908 2117 cellularum
947 2083 1169 2116 interiorum
1206 2083 1386 2116 sustineri
1418 2086 1483 2116 aut
1510 2083 1683 2116 erectius-

109 2143 224 2185 culas,
253 2146 317 2176 aut
344 2143 452 2185 quasi
479 2146 666 2184 natantes,
694 2143 934 2186 superficiem
962 2153 1093 2176 versus
1118 2142 1406 2185 adscendentes,
1425 2145 1463 2175 et
1480 2143 1552 2175 hoc
1571 2141 1682 2175 modo

110 2203 267 2236 indicari
295 2202 439 2235 modum
470 2202 609 2235 vivendi
636 2203 695 2235 his
724 2202 934 2245 proprium3
976 2203 1105 2235 forsan
1141 2212 1290 2244 quoque
1321 2201 1594 2234 assumendum
1621 2211 1683 2243 pu-

108 2266 227 2295 tarem
257 2262 359 2304 ipsas
386 2262 541 2295 frondes
570 2263 639 2295 hac
667 2262 884 2295 evolutione
920 2262 1141 2295 cellularum
1169 2260 1349 2294 obvenire
1376 2260 1528 2294 demum
1557 2259 1685 2293 debili-

109 2324 218 2362 tatas,
256 2325 368 2363 atque
405 2321 516 2354 citius
553 2325 699 2364 ruptas;
732 2324 770 2355 et
796 2321 985 2364 ejusmodi
1012 2324 1143 2364 ruptas
1171 2321 1337 2362 frondes,
1365 2320 1542 2353 fluctibus
1570 2319 1684 2353 maris

108 2380 424 2423 circumjactatas‚
465 2384 578 2423 atque
616 2392 718 2424 saepe
754 2383 792 2414 in
829 2381 1001 2423 caespites
1029 2380 1252 2414 rotundatos
1279 2379 1466 2417 collectas.
1494 2382 1576 2412 tum
1603 2389 1684 2422 pro-

111 2440 211 2482 prias
249 2450 442 2474 assumere
473 2441 633 2479 formas,
661 2444 697 2474 et
724 2441 878 2474 demum
905 2450 1055 2482 quoque
1082 2440 1175 2473 alios
1203 2439 1357 2481 colores,
1385 2439 1575 2481 aliamque
1602 2449 1685 2472 con-

109 2499 336 2541 sistentiam,
377 2510 490 2541 quam
530 2500 683 2533 demum
724 2500 763 2533 in
802 2500 991 2542 ejusmodi
1031 2499 1236 2542 Speciebus
1276 2509 1376 2541 saepe
1408 2496 1684 2532 Lichenoideam

111 2559 199 2591 olim
240 2559 430 2593 dixerunt.
483 2559 517 2592 Si
556 2559 670 2601 igitur
705 2559 751 2592 de
777 2559 837 2592 his
865 2559 936 2592 rite
960 2559 1222 2602 judicaverim,
1250 2568 1399 2601 quoque
1427 2560 1555 2600 patere
1582 2559 1684 2599 puta-

109 2628 189 2650 rem
218 2618 432 2651 habituales
460 2618 553 2651 istas
580 2618 828 2661 differentias,
856 2618 993 2660 quibus
1021 2618 1111 2651 olim
1140 2613 1310 2661 Speciem
1336 2620 1475 2651 certam
1496 2615 1685 2658 designari

112 2680 305 2719 putarunt,
333 2677 435 2711 haud
462 2688 613 2720 semper
641 2677 810 2720 Speciem
840 2681 979 2711 certam
1008 2677 1154 2719 sistere,
1173 2676 1240 2710 sed
1258 2676 1423 2710 stadium
1445 2675 1685 2717 evolutionis‚

113 2736 211 2777 quod
240 2736 278 2768 in
306 2736 478 2778 pluribus
506 2748 655 2779 quoque
682 2737 822 2770 diversi
849 2737 930 2780 typi
958 2736 1163 2780 Speciebus
1191 2735 1382 2777 obvenire,
1414 2734 1686 2777 suspicandum

112 2794 313 2828 videretur.
367 2796 443 2829 Nec
482 2800 611 2829 tamen
650 2797 718 2829 has
759 2797 808 2829 ob
848 2796 1013 2830 rationes
1052 2796 1124 2829 sub
1162 2795 1317 2829 nomine
1358 2792 1424 2827 Gr.
1456 2792 1686 2827 Lichenoides

111 2854 284 2895 Speciem
325 2855 487 2889 existere
528 2856 729 2898 propriam,
763 2855 847 2888 aliis
879 2855 1160 2889 characteribus
1187 2854 1419 2894 distinctam,
1447 2853 1683 2895 denegarem.
