1779 3068
706 67 1030 110 GRACILARIAE.
1597 69 1653 109 33

87 184 331 227 admodum
367 185 568 234 diversae,
602 190 754 227 tamen
777 185 970 226 invicem
994 198 1111 240 saepe
1135 185 1295 240 aegrius
1318 184 1651 241 dignoscantur.

87 255 274 297 Constat
305 254 520 296 nimirum
553 254 662 296 alias
696 254 874 309 Species
908 255 991 297 sub
1024 255 1291 297 evolutionis
1325 255 1479 298 stadiis
1512 256 1653 299 diver-

88 326 147 368 sis
180 325 288 367 alias
321 339 501 380 quoque
525 325 699 366 frondis
722 325 888 366 formas
910 325 1108 368 induere.
1165 326 1391 375 Quaeritur
1413 327 1497 369 hoc
1520 327 1653 369 modo

89 397 360 452 quibusnam
410 395 741 438 characteribus
783 395 1076 451 designantur
1118 397 1262 439 stadia
1294 397 1561 440 evolutionis
1594 398 1655 440 di-

88 481 228 517 versa,
272 481 372 522 quae
417 479 538 508 nunc
580 466 911 508 characteribus
950 467 1192 510 admodum
1228 470 1481 524 conspicuis
1515 469 1654 524 desig-

88 543 192 580 nata
235 537 494 592 adpareant,
538 535 705 591 quique
739 550 793 578 ex
825 537 963 578 altera
996 544 1121 593 parte
1154 545 1448 593 permaneant
1480 540 1655 582 charac-

43 668 58 678 ·
87 600 216 658 teres,
250 608 414 664 quibus
448 606 626 661 Species
661 606 859 649 diversas
893 607 1152 663 dignoscere
1186 615 1450 665 opporteret.
1506 610 1656 653 Pauca

88 680 198 735 quin
245 679 386 720 immo
435 677 622 720 existere
665 676 842 719 Genera
884 677 1205 728 Floridearum,
1239 694 1339 734 quae
1373 687 1562 736 utroque
1594 696 1654 724 re-

89 755 242 806 spectu
290 748 468 791 facilius
516 747 670 790 fallere
723 752 940 803 putarem.
1015 749 1175 803 Agitur
1228 764 1381 792 revera
1428 752 1511 793 hoc
1559 752 1655 794 loco

89 821 290 876 quaestio,
325 820 512 875 quinam
546 819 635 861 sint
666 819 943 860 characteres
977 819 1224 870 affinitatis,
1256 821 1420 875 quibus
1453 822 1655 865 insistere

89 895 344 948 opporteret
390 891 434 932 in
485 889 727 946 Speciebus
775 888 1085 944 disponendis3
1136 896 1178 931 et
1212 890 1396 944 quinam
1431 906 1484 933 ex
1518 892 1656 934 altera

88 969 213 1019 parte
256 962 503 1018 adpareant
535 962 824 1008 characteres,
858 960 1109 1002 indicantes
1141 962 1283 1003 modos
1315 961 1527 1012 diversos,
1562 964 1656 1018 qui-

89 1035 173 1077 bus
221 1033 399 1089 Species
448 1032 558 1081 aliae,
608 1046 701 1074 suae
742 1031 845 1074 vitae
884 1031 1183 1086 postulatibus
1216 1033 1419 1075 sufficere
1453 1034 1655 1076 tendunt.

89 1105 135 1148 Si
168 1103 498 1147 characteribus
531 1103 665 1145 unius
697 1102 872 1158 generis
905 1102 1163 1144 indicantur
1193 1103 1451 1158 affinitate&
1483 1105 1657 1146 charac-

88 1176 258 1218 teribus
305 1175 486 1217 alterius
533 1173 709 1228 generis
756 1172 945 1214 indicari
994 1172 1184 1215 dicerem
1224 1174 1365 1215 modos
1401 1179 1566 1216 naturae
1599 1174 1658 1216 di-

90 1261 252 1294 versos,
303 1245 468 1301 quibus
517 1245 657 1300 ipsius
699 1244 803 1286 1711εο
845 1243 1156 1285 functionibus
1189 1245 1525 1299 pei‘funguntur
1558 1245 1658 1300 Spe-

90 1318 178 1360 cies
211 1317 321 1366 aliae,
356 1317 442 1358 alio
476 1316 609 1358 modo
643 1316 845 1358 viventes
865 1315 916 1370 *).

232 1388 384 1443 Ipsam
417 1387 754 1429 consistentiam
788 1386 975 1437 frondis,
1005 1401 1143 1441 quam
1175 1386 1222 1427 111
1255 1387 1408 1428 multis
1443 1386 1658 1428 Florideis

90 1464 158 1502 sat
205 1459 444 1515 conspicue
492 1458 717 1501 diversam
764 1458 987 1507 novimus,
1039 1472 1268 1513 quamque
1311 1458 1440 1499 certis
1479 1472 1658 1513 quoque

91 1530 342 1573 Generibus
376 1544 492 1585 saepe
526 1530 679 1572 sistere
712 1529 989 1571 characteres
1018 1528 1269 1571 habituales
1293 1528 1536 1570 admodum
1561 1543 1658 1570 con-

90 1602 281 1657 spicuos,
316 1601 433 1643 113110
480 1601 818 1643 consistentiam
867 1600 913 1641 in
961 1599 1059 1642 aliis
1114 1599 1355 1655 Speciebus
1405 1600 1659 1642 Gracilariae

91 1673 277 1715 Generis
324 1673 385 1714 ita
433 1672 645 1714 obvenire
694 1675 926 1721 mutatam,
975 1676 1023 1712 111
1056 1685 1157 1726 quae
1191 1671 1273 1712 sub
1305 1671 1482 1726 juniore
1517 1671 1658 1712 0013118

90 1744 234 1786 stadio
282 1743 528 1799 adpareant
574 1742 832 1798 gelatinosae
880 1748 958 1784 aut
1005 1756 1214 1792 carnosae,
1260 1742 1440 1784 easdem
1475 1741 1658 1783 demum

90 1815 302 1858 obvenire
349 1828 480 1870 posse
527 1814 586 1856 ita
637 1818 844 1863 mutatas,
890 1817 938 1855 ut
980 1828 1080 1868 qnae
1116 1813 1316 1868 juniores
1348 1812 1393 1853 in
1428 1812 1659 1854 Herbariis

235 1993 268 2035 *)
294 1993 517 2026 Meminisse
553 1993 676 2036 placet
709 1993 807 2026 inter
841 1993 956 2034 Algas
989 1992 1091 2025 haud
1118 2001 1237 2034 pauca
1263 1990 1442 2023 obvenire
1470 1989 1659 2032 ejusmodi

91 2052 322 2087 diversitatis
362 2052 548 2095 exempla,
587 2052 626 2085 in
665 2052 803 2094 quibus
837 2062 987 2093 organa,
1015 2054 1159 2085 certum
1186 2050 1225 2082 in
1253 2050 1366 2082 finem
1394 2052 1529 2090 creata,
1558 2059 1658 2082 nunc

92 2112 380 2146 considerantur
405 2112 539 2145 sistere
566 2111 801 2145 ch‘aracteres
828 2111 940 2144 certis
968 2110 1184 2153 Speciebus,
1217 2113 1281 2142 aut
1308 2108 1418 2142 certis
1447 2107 1659 2141 Generibus

92 2175 157 2205 aut
182 2171 352 2205 Familiis
379 2171 518 2214 privos,
546 2174 583 2204 et
609 2171 662 2203 ita
687 2170 747 2203 his
774 2169 1115 2207 characteristicos;
1154 2168 1242 2201 dum
1270 2167 1309 2200 in
1336 2167 1419 2200 31118
1447 2166 1659 2200 Generibus

93 2233 158 2265 aut
195 2230 376 2273 Familiis,
415 2230 567 2264 eosdem
606 2230 840 2263 characteres
879 2231 1025 2261 tantuin
1056 2227 1222 2261 indicare
1249 2225 1392 2260 modum
1420 2225 1572 2259 vivendi
1600 2225 1660 2258 his

93 2290 304 2333 proprium:
332 2289 386 2323 ita
410 2289 509 2322 inter
534 2288 791 2321 Laminarieas
819 2287 951 2320 adesse
978 2285 1188 2320 Echio-niam
1218 2288 1255 2318 et
1278 2284 1571 2328 Mam-ocysticles,
1591 2295 1660 2318 8110

93 2348 222 2391 stipite
256 2348 296 2381 in
331 2348 406 2389 illa,
439 2348 518 2381 suis
550 2347 744 2390 pedicellis
769 2347 810 2379 in
836 2346 895 2379 his
922 2344 1163 2389 vesiculzferis
1188 2344 1400 2377 indicantes
1429 2343 1583 2377 modum
1612 2343 1661 2377 vi-

92 2407 206 2442 vendi
245 2407 304 2440 1118
344 2407 556 2440 Generibus
595 2405 801 2448 proprium,
840 2404 1075 2447 comparanti
1114 2415 1160 2437 ex
1197 2414 1272 2437 una
1300 2406 1405 2446 parte
1436 2402 1661 2436 Laminariae

95 2467 257 2510 Species,
296 2476 343 2499 ex
383 2465 500 2499 altera
526 2464 756 2503 .Lessonias;
797 2467 965 2497 attamen
1004 2463 1076 2496 ista
1115 2462 1262 2497 Genera
1301 2472 1385 2496 cum
1414 2461 1661 2494 Laminarieis

94 2525 178 2559 aliis
204 2525 257 2559 ita
283 2525 478 2558 evidenter
504 2523 690 2557 affinitate
715 2523 857 2566 juncta,
884 2526 925 2556 ut
952 2522 1095 2556 nemini
1122 2522 1235 2555 hodie
1262 2521 1301 2554 in
1325 2524 1490 2554 mentem
1511 2521 1662 2554 venisse

94 2584 222 2619 audivi
250 2583 481 2618 vesiculosas
508 2582 765 2616 Laminarieas
791 2582 839 2615 ad
866 2581 1014 2616 Genera
1040 2581 1313 2615 Fucoidearum
1341 2579 1662 2623 adproximandas

95 2655 189 2678 0880.
240 2644 370 2686 Neque
409 2641 718 2682 Himanthaliam,
756 2641 796 2674 in
831 2651 905 2684 quo
939 2640 1086 2674 Genere
1113 2640 1300 2683 ejusmodi
1327 2639 1549 2682 adparatum
1577 2638 1663 2672 defi-

95 2714 178 2737 cere
216 2705 376 2743 constat,
403 2702 450 2735 ad
488 2701 745 2735 Laminarieas
785 2711 867 2734 esse
905 2699 1258 2743 adproximandam.
1315 2699 1409 2732 Sunt
1447 2698 1560 2740 igitur
1599 2697 1661 2731 alii

94 2762 330 2809 characteres
368 2762 576 2801 structurae,
616 2760 753 2801 quibus
791 2759 1008 2793 indicantur
1046 2758 1263 2800 affinitates,
1303 2757 1365 2791 alii
1404 2757 1542 2800 quibus
1575 2756 1663 2790 vitae

95 2821 262 2855 rationes
288 2821 458 2855 diversas
485 2820 642 2854 indicari
669 2819 844 2852 lubenter
869 2828 1114 2852 assumerem.
1250 2808 1256 2810 ’

1500 2887 1521 2922 3
