1779 3068
101 70 157 110 38
721 66 1050 109 ancnmmm.

97 186 314 227 nimirum
346 198 577 227 assumere
607 183 760 227 liceret
780 183 1005 240 ejusmodi
1028 184 1226 228 ramulos
1247 185 1668 242 spliaerosporiferos

96 255 191 298 fieri
239 255 425 298 ulterius
471 260 791 305 excrescentes,
839 260 885 297 et
926 269 1008 298 suo
1047 255 1180 298 modo
1212 257 1394 312 proprio
1426 256 1667 313 dispositos

95 326 397 382 persistentes,
450 326 690 381 Ejusmodi
722 327 999 369 ramulorum
1032 326 1291 370 evolutione
1321 328 1536 384 explicari
1558 334 1667 383 puto

95 396 280 439 frondes
311 411 431 453 saepe
461 397 677 440 obvenire
707 397 809 440 aljis
835 398 975 441 ramis
996 397 1460 442 furcato-dichotomis
1480 399 1667 441 instruc-

94 475 174 515 tas,
208 468 308 511 aliis
338 474 489 511 autem
523 469 742 524 (ramulis)
772 473 842 512 sat
873 469 1136 525 regulariter
1166 470 1389 526 pinnatim
1423 469 1665 525 dispositis.

236 539 405 582 Praeter
449 546 580 582 notas
625 540 893 590 habituales‚
935 554 1050 596 quas
1081 555 1137 583 ex
1168 541 1269 596 ipsa
1298 541 1448 583 forma
1477 539 1666 591 frondis,

93 611 284 666 ejusque
330 611 669 654 ramificationis
714 626 888 661 norma,
938 625 1021 654 sua
1066 612 1359 654 consistentia
1404 617 1449 654 et
1487 611 1666 654 diverso

93 680 240 724 colore
270 681 492 725 deducere
523 683 856 732 consuevimus,
890 683 1001 725 alios
1033 697 1216 739 quoque
1247 682 1461 725 obvenire
1491 682 1665 725 charac-

92 756 221 802 teres
269 753 436 808 quibus
481 754 736 797 accuratius
776 754 1047 797 examinatis
1083 755 1196 797 alios
1234 759 1366 810 typos
1403 754 1664 810 Speciermn

92 823 350 866 Gracilariae
400 824 603 874 indicari„
657 824 865 868 lubenter
914 839 1207 868 assumerem,
1272 824 1465 867 Exstant
1509 838 1666 866 revera

92 894 273 950 Species
320 895 576 938 Gracilariae
629 897 734 950 (Gr.
781 898 1013 940 secundam
1062 897 1219 946 Har-zm
1273 896 1351 940 Gr.
1403 896 1665 951 Harveyana

91 967 138 1010 J.
172 966 279 1021 Ay.)
324 980 427 1022 quae
473 981 558 1010 sua
596 967 748 1010 forma
786 967 976 1016 frondis„
1010 981 1093 1009 sua
1123 967 1460 1010 ramificationis
1491 980 1664 1016 norma,

91 1052 175 1081 sua
220 1038 504 1095 longitudine
550 1044 596 1082 et
635 1038 835 1082 crassitie
871 1039 1105 1095 vulgarem
1140 1044 1337 1081 nostram
1377 1038 1453 1082 Gr.
1494 1037 1666 1093 Confer-

90 1109 251 1152 voidcm
280 1110 343 1152 ita
374 1111 651 1158 aemulantes„
684 1124 769 1153 nec
800 1124 883 1153 sua
912 1110 1269 1153 fructificationis
1301 1109 1451 1152 indole
1482 1108 1662 1151 easdem

88 1179 153 1222 ita
199 1180 401 1224 diversas
446 1181 661 1224 obvenire
705 1186 756 1223 ut
790 1195 847 1224 ex
877 1181 1103 1236 ejusmodi
1134 1180 1468 1223 characteribus
1498 1180 1663 1223 certius

90 1250 321 1305 quoddam
352 1252 575 1305 judicium
607 1258 687 1294 aut
717 1252 773 1294 de
803 1252 1049 1296 identitate.
1083 1256 1164 1294 aut
1193 1251 1250 1294 de
1280 1251 1488 1307 proxima
1518 1251 1663 1293 affini-

91 1326 183 1363 tate
224 1322 386 1364 harum
430 1323 689 1379 Speciemm
733 1322 955 1365 deduc-ere
986 1322 1089 1378 quis
1121 1323 1274 1364 forsan
1308 1321 1511 1369 auderet;
1560 1321 1662 1376 Spe-

90 1393 181 1436 cies
227 1399 379 1437 tamen
421 1395 504 1437 has
545 1394 779 1438 distinctas
810 1394 1026 1437 obvenire
1056 1394 1155 1453 ipsa
1187 1408 1267 1436 sua
1300 1398 1526 1436 structura
1555 1393 1664 1436 inte-

90 1464 217 1513 riore,
262 1465 306 1507 id
348 1465 565 1508 indicium
599 1466 749 1522 p‹·tius
780 1480 1057 1508 assumerem
1090 1464 1271 1507 easdem
1304 1463 1423 1506 haud
1458 1463 1662 1520 proxime

87 1534 250 1576 affines
295 1535 567 1578 considerari
615 1535 790 1579 debere.
864 1536 910 1578 Si
958 1534 1033 1577 Gr.
1073 1535 1398 1578 Confervoides
1443 1535 1663 1577 instructa

87 1605 270 1647 obvenit
302 1606 489 1657 cellulis,
519 1622 633 1664 quas
665 1609 950 1664 (comparatis
981 1608 1081 1650 aliis
1112 1607 1371 1650 Gracilariae
1403 1606 1662 1662 Speciebus)

87 1691 172 1719 sua
220 1678 533 1733 magnitudine
572 1679 774 1735 insignes
812 1679 1018 1722 lubenter
1048 1679 1258 1729 dicerem,
1291 1684 1336 1721 et
1366 1679 1448 1720 has
1478 1677 1661 1720 cellulas

86 1755 198 1804 puto
242 1753 412 1791 certum
452 1750 498 1791 in
533 1750 669 1792 finem
702 1751 868 1793 sensim
901 1750 1270 1806 grandescente&
1317 1751 1364 1791 in
1398 1750 1496 1791 aliis
1528 1749 1660 1791 dictis

86 1819 330 1875 Speciebus
361 1827 516 1863 contra
548 1835 648 1863 eam
671 1836 767 1864 esse
790 1822 964 1864 frondis
985 1828 1271 1866 structuram,
1296 1822 1502 1876 hancque
1524 1835 1657 1863 suum

85 1890 133 1932 in
166 1892 351 1934 modum
387 1893 450 1935 ita
480 1898 735 1936 contextam
771 1900 821 1936 ut
847 1909 903 1937 ex
924 1894 1022 1950 ipsa
1043 1900 1269 1936 structura
1290 1893 1429 1936 alium
1453 1894 1498 1935 in
1524 1894 1659 1935 tinem

85 1962 204 2005 hanc
250 1969 448 2006 creatam
498 1966 701 2007 lubenter
747 1965 1072 2021 suspicandum
1121 1965 1360 2011 videretur,
1410 1979 1491 2007 nec
1531 1965 1658 2020 potui

85 2035 197 2089 quin
248 2040 453 2090 putarem
502 2036 672 2078 formas
720 2036 805 2078 hoc
848 2035 983 2078 modo
1019 2035 1232 2082 diversas„
1265 2050 1448 2091 quoque
1479 2035 1659 2091 Species

83 2105 241 2148 sistere
272 2105 387 2147 bene
417 2105 664 2149 distinctas.
729 2106 776 2149 Si
812 2107 941 2151 Grac.
980 2107 1282 2162 Conservoidcs
1323 2111 1510 2162 generat
1540 2107 1659 2148 fron-

84 2176 202 2226 dem,
250 2191 388 2232 quam
437 2177 536 2233 ipsa
582 2192 662 2220 sua
710 2183 936 2221 structura
981 2178 1152 2220 indicat
1198 2178 1402 2233 Speciem
1443 2177 1528 2219 sub
1567 2191 1658 2219 uno

84 2261 218 2297 anno,
266 2257 346 2290 aut
391 2248 540 2291 saltim
588 2249 674 2292 sub
720 2249 925 2291 breviore
972 2249 1187 2305 temporis
1233 2249 1379 2305 spatio
1420 2263 1513 2291 suae
1554 2248 1657 2289 vitae

83 2319 358 2361 curriculum
407 2327 766 2375 percurrentem;
815 2321 861 2362 in
906 2321 1006 2363 aliis
1038 2320 1282 2375 Speciebus
1313 2320 1497 2363 cellulas
1527 2322 1657 2361 obve-

83 2389 182 2431 nire
229 2390 372 2432 multo
420 2391 618 2433 minores
661 2391 790 2434 aliter
829 2391 1082 2447 dispositas,
1115 2398 1159 2433 et
1190 2392 1278 2434 alio
1309 2405 1490 2446 quoque
1522 2391 1656 2432 modo

82 2460 147 2502 ita
192 2461 394 2503 diversos
441 2462 556 2517 (ipsa
599 2462 791 2505 ducente
832 2463 1125 2506 consistentia
1164 2463 1402 2519 parietum)
1434 2467 1485 2504 ut
1516 2463 1655 2504 alium

84 2532 129 2573 in
179 2533 314 2574 tinem
364 2533 446 2575 has
492 2542 664 2576 creatas
704 2535 1031 2590 suspicandum
1073 2535 1312 2583 videretur,
1350 2534 1398 2575 in
1430 2533 1654 2589 ejusmodi

85 2603 284 2658 plantam
334 2605 538 2659 Speciem
586 2611 666 2647 aut
711 2605 957 2654 divelsam,
1005 2612 1085 2648 aut
1129 2606 1218 2647 alio
1260 2605 1393 2646 modo
1425 2605 1653 2647 viventem

82 2675 289 2725 (biennem
318 2684 398 2717 aut
422 2678 741 2729 perennamem)
771 2677 1102 2732 agnoscendam
1136 2677 1414 2725 assumsisse,
1448 2676 1656 2718 lubenter

82 2760 119 2785 c·
129 2760 167 2785 »n
175 2745 312 2787 lite-(w.
