1779 3068
736 82 1061 124 GRACILARIAE.
1625 85 1680 126 83

601 201 693 254 piis
714 214 847 253 supra
862 205 1010 253 partes
1025 201 1201 254 payv'noe
1222 202 1460 243 alteruterm
1474 203 1682 254 Ῑοῖανιοιιὲαὸἱ

602 272 704 323 plus
734 272 875 312 minus
905 272 1090 324 sparsim
1115 273 1469 324 provenientibus.

258 376 359 418 Suis
391 376 696 418 habitualibus
729 377 846 417 notis
880 377 1057 432 Species
1091 378 1227 433 hujus
1253 378 1469 420 Sectionis
1493 379 1680 423 Generis

113 447 176 489 ita
220 446 486 489 Gracilarias
535 447 738 502 proprias
782 448 991 489 Grevillei
1032 450 1209 498 referre,
1244 454 1293 491 ut
1326 450 1504 491 easdem
1539 450 1682 492 obiter

51 525 53 527 '
115 517 233 560 visas
280 517 351 559 his
392 517 651 559 referendas
684 518 858 559 facilius
906 519 1153 570 videretur3
1188 521 1438 562 accuratius
1472 535 1576 563 vero
1609 522 1681 564 ob-

114 592 311 630 servatas
344 587 521 630 easdem
556 587 650 629 fieri
683 589 1070 643 cystocarpiiferas
1103 604 1183 631 suo
1217 591 1396 645 proprio
1421 591 1565 641 modo,
1591 606 1681 647 quo

114 659 368 701 charactere
401 658 592 700 ducente
624 658 804 700 easdem
839 659 992 700 sistere
1022 659 1199 715 Species
1223 661 1521 704 Sub-Generis
1543 663 1680 705 Podei

113 729 246 772 hodie
278 729 355 772 Vix
388 728 689 771 dubitandum
723 729 833 769 mihi
867 729 1128 784 adparuisse
1161 732 1384 774 confiteor.

258 800 436 855 Species
485 800 622 856 hujus
680 799 897 841 Sectionis
946 802 1149 855 sequenti
1199 802 1331 844 modo
1380 803 1682 859 disponendas

114 878 342 927 putarem:

670 964 693 988 '¹‘
727 965 947 1007 INN‘OCUAE
1007 967 1190 1008 ramulis
1238 968 1468 1022 frondium
1522 970 1685 1013 ultimis

728 1037 959 1079 attenuatis
990 1042 1035 1079 at
1067 1038 1233 1079 obtusis.

113 1134 183 1175 40.
255 1132 339 1174 GR.
376 1147 666 1184 CIRCINNATA
706 1132 877 1175 Croucm
909 1133 956 1174 in
989 1133 1060 1174 Fl.
1101 1133 1278 1175 Gnadel.
1306 1148 1352 1187 p.
1387 1136 1478 1176 217
1498 1133 1548 1187 *).

260 1287 294 1329 *)
317 1289 422 1321 Inter
447 1288 589 1321 formas
615 1288 655 1321 in
682 1286 740 1322 Fe.
763 1286 1054 1331 Gnadeloupensi
1079 1291 1318 1321 enumeratas
1338 1288 1494 1322 obvenit
1507 1299 1592 1332 pay.
1612 1288 1686 1321 217

116 1347 268 1391 Species
307 1347 480 1390 quaedam
514 1347 669 1381 nomine
702 1345 768 1381 (αἶ-ν.
796 1346 1009 1381 circinnatoe
1034 1347 1228 1390 inscripta,
1255 1358 1368 1389 quam
1395 1347 1518 1390 primo
1544 1347 1685 1381 intuitu

115 1407 230 1441 variis
257 1407 341 1440 aliis
367 1406 473 1449 Algis
501 1406 790 1440 convenientem
818 1406 968 1440 facilius
995 1406 1079 1449 quis
1106 1406 1255 1448 dixerit,
1283 1409 1321 1440 et
1346 1417 1459 1449 quam
1484 1407 1565 1440 loco
1585 1407 1687 1440 dicto

114 1466 213 1499 inter
240 1466 391 1509 Species
418 1465 634 1499 Gracilariae
660 1466 743 1499 sine
770 1465 847 1499 ulla
872 1465 1112 1499 haesitatione
1139 1469 1400 1499 enumeratam
1427 1466 1549 1500 video.
1600 1466 1685 1508 Spe-

114 1524 250 1568 cimen,
288 1525 389 1567 quod
426 1525 480 1558 ita
518 1525 645 1567 habui,
685 1525 1065 1568 sphaerosporiferum
1098 1525 1228 1566 fuisse,
1266 1525 1390 1558 dicere
1421 1526 1478 1558 fas
1505 1528 1573 1558 est.
1624 1525 1688 1557 Me

115 1586 242 1618 autem
281 1594 328 1618 ex
362 1584 478 1618 Herb.
507 1584 609 1625 Gray
636 1583 739 1617 aliud
766 1583 926 1617 missum
953 1584 1148 1625 habuisse,
1175 1585 1276 1627 quod
1303 1585 1348 1618 ad
1375 1584 1590 1618 Barbadoes
1618 1584 1686 1618 lec-

114 1645 208 1686 tum,
248 1643 361 1677 hodie
400 1643 752 1686 cystocarpiiferum
792 1654 1011 1686 comparare
1050 1644 1171 1683 licuit;
1212 1646 1250 1677 et
1281 1644 1341 1677 his
1375 1644 1602 1686 comparatis
1633 1654 1687 1676 se-

114 1702 270 1745 quentia
295 1702 342 1736 de
368 1702 500 1746 Specie
525 1702 598 1736 sibi
625 1702 777 1746 propria
803 1703 917 1736 hodie
943 1703 1081 1736 addere
1108 1705 1293 1746 opportet.

258 1761 429 1804 Speciem
456 1761 510 1795 ita
535 1762 775 1796 observatam
802 1761 936 1795 sistere
955 1762 1192 1795 characteres
1210 1761 1426 1795 habituales
1444 1761 1497 1794 ita
1515 1761 1686 1803 insignes

114 1823 158 1855 ut
182 1821 242 1854 his
269 1821 497 1854 ducentibus
524 1824 562 1854 et
587 1821 658 1854 rite
683 1821 887 1855 intellectis
924 1821 1132 1855 sectionem
1160 1821 1350 1863 quandam
1378 1820 1568 1863 propriam
1596 1819 1685 1853 huic

116 1880 262 1923 Speciei
298 1880 574 1914 instituendam
602 1891 685 1914 esse
711 1881 886 1915 lubenter
912 1881 1170 1914 assumserim.
1221 1881 1354 1914 Totam
1381 1879 1562 1913 nimirum
1588 1879 1686 1912 fron-

116 1939 203 1973 dem
242 1939 322 1973 fere
359 1939 637 1983 cylindraceam
671 1940 760 1983 vidi,
787 1940 866 1973 suis
894 1940 1008 1973 ramis
1035 1939 1267 1982 ramulisque
1293 1949 1598 1981 quoquoversum
1625 1948 1686 1980 pa-

114 1998 296 2041 tentibus,
322 2009 393 2032 nec
419 1999 496 2032 ullo
522 1999 635 2033 modo
661 1999 852 2038 distichis;
880 2002 993 2042 atque
1019 1999 1262 2032 inferioribus
1282 1997 1452 2032 crassitie
1470 1997 1686 2040 superiores

116 2068 251 2101 parum
290 2049 576 2101 superantibus;
616 2058 773 2092 ramulis
812 2058 958 2092 ultimis
990 2069 1012 2091 a
1046 2058 1128 2091 basi
1165 2058 1347 2091 crassiore
1379 2056 1572 2099 paulisper
1598 2058 1687 2089 atte-

116 2116 255 2159 nuatis,
295 2119 334 2151 at
368 2117 640 2151 obtusiusculis
674 2120 712 2151 et
743 2117 930 2151 innocuis.
981 2118 1121 2151 Ramos
1148 2116 1318 2159 singulos
1345 2115 1573 2158 principales
1600 2125 1686 2157 quo-

116 2186 346 2218 quoversum
385 2179 588 2220 porrectos,
629 2188 718 2211 suos
757 2187 907 2219 quoque
946 2176 1187 2219 corymbulos
1227 2176 1266 2208 in
1302 2175 1437 2208 fronde
1463 2174 1689 2217 corymbosa

114 2235 335 2270 formantes.
385 2237 431 2269 In
468 2236 672 2279 paginibus
710 2237 846 2269 horum
885 2246 1077 2269 ramorum
1115 2235 1215 2268 infra
1253 2234 1387 2267 axillas
1426 2233 1559 2267 leviter
1591 2243 1687 2266 com-

116 2294 290 2337 planatas
317 2294 396 2329 vidi
422 2295 661 2338 cystocarpia
687 2295 838 2337 singula
863 2298 929 2328 aut
954 2305 1085 2337 pauca,
1105 2294 1212 2336 quasi
1232 2293 1422 2336 paginalia
1439 2292 1685 2335 juxtaposita.

114 2353 160 2386 In
199 2364 304 2386 ramo
343 2353 522 2387 inferiore
560 2357 776 2388 transverse
814 2356 917 2387 secto
955 2353 1033 2387 vidi
1072 2355 1312 2394 segmentum
1345 2354 1411 2385 aut
1442 2351 1587 2384 ambitu
1623 2351 1688 2385 vix

117 2422 392 2455 compressum,
431 2416 496 2446 aut
534 2413 727 2456 paulisper
759 2413 977 2455 oblongum,
1017 2411 1162 2445 cellulis
1189 2411 1335 2444 intimis
1362 2410 1569 2444 directione
1595 2420 1689 2443 mar-

117 2471 226 2514 gines
264 2482 397 2506 versus
436 2472 633 2514 elongatis.
685 2471 849 2506 Cellulas
881 2473 950 2505 has
977 2471 1285 2514 microcystideas
1311 2470 1486 2503 lubenter
1511 2469 1687 2502 dicerem.

118 2530 502 2574 Sphaerosporiferam
529 2534 567 2565 et
593 2531 940 2574 cystocarpiiferam
969 2531 1138 2573 plantam
1165 2530 1244 2563 fere
1270 2529 1426 2563 omnino
1453 2529 1688 2562 conformem

118 2589 294 2624 dicerem.

262 2649 421 2690 Qualem
454 2650 553 2683 hanc
586 2649 758 2693 Speciem
784 2649 898 2683 hodie
925 2648 1211 2691 intelligendam
1238 2647 1381 2691 putavi,
1408 2647 1566 2681 eandem
1594 2646 1689 2680 dice-

118 2719 199 2742 rem
238 2708 317 2742 suis
356 2709 617 2743 habitualibus
654 2709 754 2742 notis
787 2707 1002 2742 Gracilariae
1029 2708 1199 2750 Speciem
1226 2708 1357 2741 forsan
1384 2706 1504 2748 magis
1530 2706 1687 2745 referre;

119 2770 158 2801 et
194 2767 248 2801 ita
282 2768 515 2802 intellectam
543 2764 663 2802 fuisse
689 2778 711 2801 a
737 2767 932 2801 Fratribus
959 2766 1121 2809 Orouan,
1148 2776 1170 2800 a
1195 2766 1446 2809 dispositione
1472 2768 1510 2799 et
1535 2764 1693 2799 nomine

119 2827 266 2870 Speciei
304 2828 559 2870 colligendum
598 2827 766 2867 videtur3
806 2826 965 2860 eandem
998 2836 1087 2860 vero
1120 2825 1331 2859 accuratius
1359 2826 1626 2868 comparatam,
1653 2825 1692 2857 et
