1779 3068
121 104 202 144 118
750 101 1047 143 ENDOGENIA.

116 222 240 262 nanti
291 219 503 273 adpareat
551 218 732 260 eosdem
781 219 935 260 sistere
984 219 1177 261 eundem
1227 224 1385 276 typum
1433 227 1684 274 structurae,

115 305 248 345 quem
298 291 345 331 in
392 290 548 345 planta
595 290 942 332 Graez‘larz‘oz'dea
984 296 1033 331 ut
1066 290 1171 332 huic
1203 292 1403 346 typicam
1436 292 1685 336 describere

115 367 302 403 conatus
335 375 454 411 sum;
490 360 672 402 cellulas
705 360 923 402 nimirum
945 361 992 402 in
1015 361 1274 404 rachidibus
1298 363 1544 405 earundem
1567 364 1685 419 prin-

114 432 333 487 cipalibus
376 436 419 473 et
456 431 604 486 quoad
640 431 805 473 formas
839 436 882 473 et
914 431 1060 486 quoad
1096 432 1411 487 dispositiones
1444 435 1684 477 convenire

113 517 213 545 cun]
267 503 506 557 stipitibus,
558 502 603 543 in
649 502 815 557 quibus
858 503 1136 557 proveniant,
1173 504 1207 545 si
1243 518 1425 559 quoque
1459 506 1685 561 paulisper

113 575 256 629 magis
289 579 556 616 contractas:
592 578 699 616 sunt
730 587 886 615 omnes
920 573 1021 628 plus
1055 574 1205 616 miuus
1229 574 1460 630 elongatae,
1484 576 1682 618 invicem

110 646 394 692 alternantes,
430 645 662 686 interiores
696 644 1057 686 anastomosibus
1078 645 1259 700 junctae,
1284 647 1524 688 exteriores
1547 647 1683 689 flexu-

111 731 200 758 osae
247 716 443 758 invicem
492 715 784 758 conniventes
832 715 880 757 in
925 720 1115 758 stratum
1154 716 1275 758 haud
1310 731 1415 760 vero
1448 717 1531 759 rite
1564 719 1682 773 poly-

111 788 395 842 siphoneum.
461 786 551 836 Qui
599 801 625 828 a
672 786 830 828 fronde
877 773 940 828 it⁹a
987 787 1087 842 plus
1137 787 1287 830 minus
1335 789 1472 831 ramis
1511 790 1682 831 confor-

112 859 261 901 mibus
305 859 610 913 decomposita
654 858 928 913 proveniunt
968 858 1140 900 ramelli
1175 858 1321 900 ultimi
1354 866 1460 901 sunt
1491 860 1683 915 simplici

110 930 221 972 serie
254 930 546 972 articulorum
580 930 823 978 constituti,
858 929 1139 985 rigidiusculi
1173 935 1216 971 et
1247 931 1455 972 acumine
1486 931 1680 973 firmiore

108 1001 360 1052 terminati;
395 1006 438 1043 et
470 1002 531 1043 ita
555 1001 611 1043 ad
637 1001 840 1043 habitum
865 1001 1337 1057 polysiphonioideum
1362 1002 1681 1044 fasciculorum

109 1087 190 1114 suo
224 1073 357 1115 modo
391 1073 673 1115 contribuere
706 1073 979 1122 viderentur,
1005 1073 1093 1114 nisi
1126 1078 1169 1114 et
1200 1074 1348 1114 forma
1380 1078 1424 1115 et
1456 1073 1681 1128 rigiditate

107 1144 282 1186 articuli
331 1145 578 1186 terminalis
626 1145 778 1186 forsan
810 1144 977 1199 ’potius
1027 1144 1281 1198 Spyridiam
1329 1144 1516 1199 prodere
1561 1144 1680 1187 vide-

108 1221 275 1257 rentur.
330 1216 553 1257 Articulos
586 1215 633 1257 in
667 1216 735 1257 his
768 1215 965 1257 ramellis
1003 1217 1175 1257 12—:20
1199 1216 1503 1271 superpositos
1527 1229 1678 1257 nume-

108 1287 217 1333 ravi,
266 1286 512 1328 admodum
562 1286 728 1336 firmos,
777 1286 1014 1328 inferiores
1057 1286 1275 1328 diametro
1308 1286 1480 1328 circiter
1513 1287 1677 1341 sesqui-

109 1358 343 1412 longiores,
394 1358 619 1399 terminali
666 1357 711 1399 in
759 1371 949 1400 acumen
989 1357 1220 1399 evidenter
1252 1363 1527 1407 excurrente,
1561 1358 1681 1412 geni-

109 1428 219 1470 culis
268 1434 310 1470 et
358 1429 624 1470 membrana
672 1428 889 1471 exteriore
932 1428 1229 1471 crassiuscula
1271 1433 1321 1470 ut
1353 1428 1579 1470 videretur
1612 1428 1678 1470 fir-

107 1500 345 1549 mioribus;
396 1500 648 1555 superiores
696 1500 858 1542 horum
902 1501 1179 1541 ramulorum
1219 1506 1324 1542 sunt
1357 1499 1584 1555 paulisper
1616 1500 1677 1541 in-

102 1571 278 1612 curvati
327 1576 370 1613 et
417 1571 666 1626 simplices;
717 1571 851 1626 paulo
899 1571 1132 1613 inferiores
1180 1571 1350 1626 gemini
1398 1570 1453 1612 ab
1492 1570 1678 1612 articulo

104 1642 320 1684 inferiore
352 1643 638 1697 proveniunt,
683 1642 851 1684 infimis
885 1643 1122 1684 fasciculos
1155 1642 1433 1684 ramulorum
1466 1656 1677 1697 generan-

105 1713 237 1755 tibus.
303 1714 443 1755 Prout
489 1714 552 1756 ita
599 1706 742 1769 magis
790 1714 1025 1769 magisque
1074 1713 1363 1768 decompositi
1404 1719 1677 1768 generantur

104 1784 307 1826 fasciculi
342 1785 632 1836 ramulorum,
668 1799 849 1841 quoque
883 1785 1036 1827 omnia
1073 1785 1410 1840 polysiplioneae
1443 1788 1677 1826 structurae

105 1855 271 1897 indicia
304 1870 569 1898 evanescere
602 1856 718 1909 vidi3
769 1856 1048 1911 siphonibus,
1095 1870 1208 1910 quos
1252 1855 1432 1903 diceres,
1467 1855 1676 1897 omnibus

103 1914 444 1977 alternantibus,
481 1941 563 1969 nec
595 1927 791 1970 invicem
819 1927 1055 1983 parallelis,
1080 1932 1130 1969 ut
1152 1927 1317 1982 plantae
1341 1926 1676 1982 polysiphoneae

100 1998 304 2052 typicum
357 2004 549 2053 putares,
601 1998 679 2040 sed
727 1999 824 2053 ipsa
866 1999 1011 2040 forma
1053 2013 1135 2040 sua
1168 1999 1366 2040 flexuosa
1398 1998 1616 2053 originem
1651 2011 1677 2038 a

103 2068 272 2110 cellulis
321 2069 514 2111 invicem
564 2069 1006 2112 anastomosantibus
1052 2069 1251 2125 prodere,
1294 2068 1468 2111 facilius
1501 2072 1677 2123 egomet

105 2141 368 2195 suspicarer.

246 2211 538 2266 Quamquam
586 2212 722 2267 igitur
770 2226 861 2253 non
911 2213 1035 2267 potui
1076 2212 1184 2266 quin
1220 2216 1406 2266 stupens
1438 2210 1674 2252 observavi

101 2282 339 2324 fasciculos
388 2283 506 2331 istos,
557 2282 927 2338 Polysiphoniam
977 2283 1209 2338 quandam
1251 2283 1297 2324 in
1340 2283 1494 2337 planta
1527 2281 1673 2322 Graci-

102 2352 315 2395 larioidea
362 2353 684 2396 increscentem
735 2353 1012 2404 aemulantes,
1062 2368 1218 2402 revera
1262 2354 1307 2395 in
1346 2352 1548 2409 partibus
1582 2351 1672 2394 suis

102 2424 387 2466 inferioribus
411 2425 572 2467 offerre
595 2418 761 2467 indicia
785 2429 1018 2467 structurae
1042 2425 1259 2480 ejusdem,
1289 2439 1424 2480 quam
1451 2425 1496 2465 in
1520 2423 1673 2479 planta

103 2494 283 2537 eosdem
332 2496 580 2538 sustinente
629 2496 881 2538 accuratius
930 2496 1186 2538 examinata
1226 2496 1328 2537 huic
1362 2509 1541 2550 quoque
1574 2494 1672 2536 cha·

102 2567 423 2608 racteristicam
471 2567 640 2621 putavi,
692 2567 804 2608 mihi
847 2571 999 2609 tamen
1032 2567 1294 2622 adparuisse
1327 2566 1540 2608 confiteor
1573 2579 1671 2606 ean-

102 2635 205 2677 dem
254 2651 349 2679 esse
398 2638 610 2692 plantam,
662 2652 801 2693 quam
849 2639 931 2680 sub
980 2638 1168 2681 diversis
1211 2637 1478 2680 evolutionis
1516 2636 1670 2678 stadiis

103 2707 301 2749 habitum
337 2708 399 2750 ita
432 2709 661 2751 diversum
694 2710 881 2751 induere
914 2709 1248 2764 agnoscendum
1286 2709 1522 2751 videretur.
1585 2707 1670 2749 His

103 2792 206 2819 vero
240 2779 321 2820 rite
345 2780 563 2822 confessis
587 2781 815 2835 quaeritur,
842 2780 1114 2835 quibusnam
1140 2781 1238 2822 aliis
1262 2779 1478 2822 Florideis
1503 2779 1667 2834 planta,
