1779 3068
762 76 1006 118 CHAMHAE.
1613 80 1680 120 25-

193 298 277 350 IV.
356 299 436 350 De
478 299 778 369 Speciebus
821 302 1088 353 CHAMPIAE
1129 302 1359 354 Generis
1401 304 1577 371 probe

516 389 911 458 dignoscendis
952 391 1256 444 monitum.

243 547 420 602 Species
453 553 521 590 sat
553 562 814 591 numerosas
837 549 942 591 huic
965 550 1127 593 Generi
1152 551 1395 593 hodiedum
1420 551 1667 607 adscriptas

98 617 250 663 fuisse,
302 631 414 672 quas
459 624 508 660 ut
549 623 768 673 putarem,
804 634 919 674 aegre
953 620 1278 675 dignoscendas
1312 622 1528 678 plurimos
1562 637 1668 678 quo-

97 701 185 741 que
222 687 446 742 judicasse
488 688 693 731 lubenter
735 703 1024 732 assumerem.
1089 692 1181 734 Nec
1221 698 1397 748 egomet
1428 693 1561 735 hodie
1596 708 1679 735 nem

95 771 248 813 garem
296 758 411 801 inter
458 759 624 801 formas
672 774 954 809 numerosas,
1012 763 1199 816 quinam
1249 764 1338 805 sint
1386 764 1665 807 characteres

97 827 357 883 Specierum
380 829 542 884 aegrius
566 829 823 885 dijudicari;
855 845 1133 887 quamquam
1158 848 1337 889 quoque
1360 835 1665 877 confitendum

95 898 323 942 videretur
364 900 643 943 diversitates
685 901 898 944 obvenire
942 908 1009 944 sat
1042 905 1306 959 conspicuas
1339 906 1455 947 inter
1488 906 1666 961 Species

96 969 282 1012 Generis
330 970 560 1014 evidenter
600 972 844 1027 genuinas;
888 973 968 1015 has
1002 988 1109 1016 vero
1147 975 1483 1029 quodammodo
1517 976 1666 1018 oblite-

94 1045 212 1083 ratas
245 1041 506 1097 adparuisse
538 1042 587 1084 in
619 1043 842 1098 ejusmodi
866 1044 1045 1096 formis,
1079 1059 1191 1100 quas
1215 1046 1380 1088 sensim
1407 1047 1679 1102 sensimque>

93 1112 244 1167 plures
292 1112 556 1167 detegerunt
603 1114 904 1166 intermedias,
955 1119 998 1157 et
1045 1117 1173 1171 quasi
1223 1121 1445 1159 extremas
1478 1119 1663 1173 conjun-

93 1189 260 1238 gentes.
325 1183 376 1225 In
425 1184 646 1239 ejusmodi
696 1184 882 1236 Genere,
933 1191 1036 1228 ante
1079 1187 1179 1238 alia,
1214 1202 1327 1243 opus
1361 1202 1456 1230 esse
1490 1188 1665 1244 dignos-

93 1267 203 1303 cere,
253 1255 440 1310 quinam
488 1255 578 1297 sint
620 1255 897 1299 characteres
937 1257 1197 1313 Specierum
1231 1259 1513 1315 principales,
1549 1273 1663 1302 com-

93 1313 260 1380 paratis
307 1326 425 1368 notis
472 1325 582 1377 aliis,
633 1327 796 1382 quibus
845 1342 925 1370 suo
976 1328 1131 1371 ordine
1175 1344 1419 1385 congruere
1453 1330 1664 1373 videntur

92 1396 253 1438 formae
299 1397 537 1440 exteriores
582 1397 680 1453 plus
719 1398 869 1441 minus
901 1399 1118 1442 ludentes.
1183 1401 1409 1454 Epicrisz'n
1442 1402 1663 1444 Florz'dea-

92 1481 187 1509 rum
229 1466 438 1509 scribenti
483 1468 594 1510 mihi
636 1469 844 1511 frondem
878 1470 1132 1513 tubulosam
1167 1475 1212 1513 at
1244 1471 1663 1528 diaphragmatibus

91 1538 403 1594 interruptam,
453 1542 587 1594 atque
634 1540 682 1581 in
728 1540 937 1583 interiore
979 1541 1065 1584 filis
1098 1542 1442 1598 diaphragmata
1473 1544 1663 1599 jungen-

91 1608 211 1651 tibus
251 1623 526 1664 percursam,
570 1611 782 1654 omnibus
816 1612 1058 1667 Speciebus
1092 1614 1497 1656 characteristicam
1531 1614 1662 1670 adpa-

90 1680 232 1722 ruisse
264 1681 432 1736 putavi.
498 1681 594 1723 Hos
627 1696 732 1725 vero
766 1682 1042 1726 characteres
1075 1685 1121 1725 in
1154 1684 1253 1727 aliis
1290 1684 1532 1740 Speciebus
1566 1686 1672 1727 fieri'

90 1751 234 1806 magis
282 1756 360 1794 aut
405 1752 556 1794 minus
594 1754 871 1809 conspicuos,
919 1759 1051 1810 prout
1083 1755 1158 1797 fila
1189 1756 1402 1798 interiora
1434 1760 1512 1798 aut
1545 1770 1661 1812 spar-

91 1822 205 1864 siora
253 1828 508 1874 excurrunt,
559 1828 636 1866 aut
679 1825 887 1867 frondem
928 1826 1187 1869 tubulosamv
1218 1827 1313 1869 fere
1345 1827 1556 1882 implent;
1592 1827 1661 1870 his

89 1894 316 1949 praecipue
361 1894 571 1938 insistens
619 1896 962 1947 characteribus,
998 1897 1054 1939 ab
1096 1898 1195 1953 ipsa
1227 1903 1451 1941 structura
1482 1899 1661 1941 frondis

89 1965 320 2007 exterioris
366 1966 681 2020 pendentibus,
731 1968 951 2010 minorem
999 1969 1090 2011 vim
1134 1983 1209 2011 me·
1238 1970 1494 2012 attribuisse
1528 1970 1661 2012 hodie

89 2036 395 2078 confitendum
444 2037 643 2089 videtur;
694 2042 799 2080 sunt
845 2039 1063 2081 nimirum
1110 2040 1198 2082 boc
1239 2046 1445 2096 respectu
1478 2055 1677 2096 quoque

89 2106 383 2157 diversitates,
432 2113 565 2163 prout
608 2108 790 2159 cellulae,
826 2109 1018 2165 parietes
1050 2111 1224 2153 frondis
1258 2116 1465 2154 externos
1499 2112 1657 2154 consti-

88 2181 278 2228 tuentes,
311 2183 390 2220 aut
421 2178 567 2221 laxius
600 2179 840 2235 dispositae,
875 2181 1128 2223 rotundatae
1161 2186 1295 2237 atque
1327 2182 1586 2237 gelatinosae
1613 2183 1659 2224 in

88 2248 318 2291 nonnullis
365 2249 610 2292 obveniant
656 2251 896 2306 (Champz'ce
943 2252 1133 2308 Species,
1180 2267 1292 2308 quas
1333 2253 1439 2295 olim
1472 2253 1658 2296 Lomen-

88 2319 212 2362 tariis
257 2320 539 2375 retulerunt);
588 2321 687 2363 aliis
733 2322 986 2378 Speciebus,
1023 2338 1134 2378 quas
1179 2324 1421 2379 Champias
1454 2324 1659 2380 proprias

88 2390 243 2432 sistere
275 2395 503 2445 putarunt,
538 2392 718 2434 cellulas
751 2393 926 2436 frondis
949 2395 1190 2437 exteriores
1213 2395 1357 2450 magis
1381 2396 1675 2437 confluentes.

89 2465 132 2503 et
163 2461 274 2516 quin
306 2461 446 2503 immo
479 2462 889 2518 angulato-cubicas
922 2465 1074 2507 forsan
1107 2465 1270 2520 saepius
1304 2465 1655 2521 descripserunt3

87 2531 172 2574 hoc
213 2532 347 2574 modo
390 2536 578 2575 stratum
612 2534 788 2576 frondis
821 2536 1016 2577 exterius
1048 2536 1095 2577 in
1128 2536 1220 2579 illis
1251 2536 1493 2592 Speciebus
1527 2537 1659 2592 quasi

87 2603 230 2658 magis
281 2603 368 2646 filis
420 2604 800 2648 moniliformibus
853 2610 1134 2659 contextum;
1189 2607 1235 2649 in
1284 2608 1351 2650 his
1399 2607 1656 2664 Speciebus,

87 2673 330 2730 Champias
378 2676 580 2731 proprias
627 2677 1017 2728 constituentibus,
1067 2683 1257 2720 stratum
1307 2679 1500 2721 exterius
1536 2693 1657 2721 nunc

85 2744 178 2786 fere
210 2746 345 2788 unica
376 2746 489 2788 serie
521 2747 784 2789 cellularum
817 2748 1252 2804 quadrangularium
1283 2755 1545 2792 contextum
1570 2751 1657 2792 for-

87 2828 168 2857 san
201 2816 301 2871 quis
323 2816 498 2860 facilius
522 2817 694 2860 dixerit.
744 2818 910 2861 Praeter
937 2819 1054 2862 hanc
1076 2811 1380 2863 differentiam
1404 2826 1672 2872 structurae„
