1779 3068
116 99 168 139 76
737 95 1064 137 GRACILARIAE.

113 216 180 257 32.
254 215 336 255 GR.
374 228 657 255 FASTIGIATA
693 214 737 256 J.
773 214 853 267 Ay.
888 228 1009 256 mser.
1032 212 1083 269 ³³²).

111 310 179 350 33.
254 309 337 350 GR.
376 323 691 350 APIOULIFERA
728 308 772 350 J.
808 308 889 361 Ay.
923 323 1045 351 mser.
1068 307 1148 364 ³W).

395 426 573 467 Tamus
617 425 693 468 IV.
760 426 1090 468 COMPLANATAE
1139 427 1366 479 frondibus
1411 428 1550 481 mayis
1595 442 1685 470 con-

537 498 681 550 spicue
725 498 1004 551 complanatis
1045 502 1082 540 et
1119 498 1436 551 dispositionem
1467 513 1686 541 ramorum

537 569 763 611 disticham
809 568 1091 619 servantibus,
1139 569 1276 611 ramis
1321 584 1467 623 nempe
1511 585 1539 612 a
1574 584 1684 612 mar-

533 641 632 694 yine
683 640 918 682 incrassato
972 640 1237 691 meantibus,
1292 645 1420 683 totam
1471 642 1682 695 plantam,

254 770 287 812 ²³)
311 771 417 804 Inter
454 770 605 813 plantas
645 781 739 812 quas
777 773 858 803 tum
899 780 945 803 ex
980 770 1148 814 Ceylona
1173 771 1289 805 habui
1316 772 1388 805 sub
1414 783 1475 805 nzo
1504 772 1569 805 121
1597 783 1684 806 cum

108 830 181 864 alia
210 830 341 873 Specie
366 829 518 872 mixtas,
537 832 617 863 tum
647 840 694 863 ex
721 830 900 863 Mauritio
926 830 998 864 sub
1025 842 1087 863 n:o
1113 830 1158 864 93
1185 831 1407 865 distributas
1434 832 1604 874 plantam
1631 842 1683 865 re-

108 900 336 931 cognoscere
374 888 506 932 putavi
545 889 849 932 praecedentibus
889 889 1085 924 evidenter
1120 890 1346 934 proximam,
1374 893 1412 925 at
1437 891 1562 925 adhuc
1588 901 1683 924 cras-

107 949 258 990 siorem,
298 959 448 991 quoque
486 948 526 982 in
564 960 633 982 sua
672 959 852 992 suprema
888 952 1005 992 parte,
1033 960 1200 992 pennam
1226 950 1485 983 columbinam
1511 950 1682 984 crassitie

107 1011 352 1051 superantem
388 1008 441 1052 (in
469 1009 530 1051 Sp.
559 1006 773 1051 exsiccato),
806 1011 843 1042 et
868 1008 958 1042 hinc
985 1009 1025 1042 in
1050 1009 1265 1043 madefacta
1290 1010 1414 1043 adhue
1441 1010 1561 1052 magis
1588 1020 1683 1044 cras-

107 1078 201 1110 sam,
242 1067 414 1110 caespites
453 1068 683 1101 formantem
720 1068 785 1102 Vix
816 1068 1056 1111 bipollicares
1084 1069 1240 1110 ambitu,
1268 1072 1306 1102 et
1331 1069 1446 1102 ramis
1473 1069 1553 1103 suis
1580 1069 1682 1103 fasti-

107 1126 218 1168 giatis
258 1127 297 1160 in
333 1127 528 1170 superiore
561 1138 630 1160 sua
664 1130 770 1170 parte
796 1127 952 1161 ramulis
980 1128 1250 1169 conformibus,
1278 1140 1354 1162 uno
1380 1139 1495 1172 supra
1521 1129 1683 1162 alterum

106 1185 258 1228 stipato,
299 1186 431 1228 globos
466 1186 678 1220 innumeris
716 1187 830 1220 ramis
862 1187 1017 1220 demum
1043 1188 1453 1231 supra-decompositos
1480 1189 1681 1230 formante,

107 1244 279 1288 apicibus
319 1245 490 1278 omnium
530 1245 800 1285 obtusissimis,
839 1246 1011 1288 Speciem
1037 1246 1172 1280 sistere
1198 1247 1257 1280 sui
1282 1247 1377 1290 juris
1405 1248 1469 1282 vix
1496 1247 1590 1281 mihi
1617 1248 1682 1281 du-

105 1304 211 1337 bium
245 1304 430 1346 adparuit.
484 1304 719 1338 Structuram
751 1305 970 1339 interiorem
996 1306 1143 1339 frondis
1170 1307 1405 1349 comparanti
1432 1307 1538 1349 mihi,
1566 1307 1682 1340 nullis

105 1363 232 1396 dubiis
260 1373 393 1396 vacare
420 1363 596 1406 adparuit
629 1364 802 1406 Speciem
833 1364 1141 1408 plectocystideis
1167 1365 1406 1399 referendam
1432 1376 1526 1399 esse.
1578 1365 1682 1400 Colo-

105 1432 185 1455 rem
212 1422 328 1465 hujus
356 1422 502 1465 Speciei
529 1423 569 1455 in
596 1423 701 1465 Spec.
728 1423 944 1465 junioribus
971 1424 1092 1466 magis
1120 1435 1326 1467 purpurem
1353 1425 1523 1458 adfuisse
1559 1428 1678 1468 patet;

103 1482 379 1524 speciminibus
407 1481 491 1514 aliis
519 1484 585 1515 aut·
610 1482 862 1516 adultioribus
896 1486 962 1516 aut
988 1484 1115 1517 minus
1142 1483 1239 1517 bene
1266 1484 1467 1518 exsiccatis
1494 1485 1614 1527 magis
1640 1484 1682 1518 in

104 1541 385 1574 fuscescentem
411 1541 653 1575 abeuntibus.

251 1599 308 1643 ³⁶⁵²)
333 1601 437 1634 Inter
476 1600 627 1643 Species
668 1601 895 1642 Gracilariae,
932 1602 1026 1635 mihi
1054 1613 1100 1635 ex
1127 1603 1305 1636 Mauritio
1332 1603 1480 1644 missas,
1509 1603 1681 1646 Speciem

104 1659 222 1693 habui
262 1659 575 1694 antecedentibus
615 1671 637 1693 a
675 1671 735 1694 me
773 1662 1004 1694 enumeratis
1031 1662 1227 1696 evidenter
1252 1663 1439 1696 affinitate
1466 1663 1680 1706 proximam

103 1719 136 1752 si
163 1729 313 1761 quoque
340 1719 598 1753 habitualibus
626 1721 727 1753 notis
754 1720 802 1754 ad
829 1720 891 1753 Gr.
923 1721 1226 1755 Eucheumoides
1253 1722 1413 1755 eandem
1440 1723 1561 1765 magis
1581 1733 1679 1756 acce-

102 1777 256 1811 dentem
295 1779 380 1820 quis
419 1779 619 1821 putaverit.
672 1780 734 1813 Ut‘
760 1780 859 1813 hanc
899 1780 1071 1822 Speciem
1110 1791 1179 1814 sua
1217 1783 1408 1815 armatura
1445 1782 1632 1816 exteriore
1658 1792 1681 1816 a

104 1837 184 1870 suis
224 1837 408 1879 proximis
442 1838 648 1880 Speciebus
684 1838 837 1872 differre
869 1838 960 1880 dixi,
987 1839 1042 1872 ita
1067 1839 1130 1873 Gr.
1158 1840 1421 1883 apiculiferam
1447 1841 1588 1875 distare
1614 1853 1679 1884 pu—

103 1896 180 1929 tavi
209 1906 230 1929 a
257 1896 462 1939 Speciebus
489 1908 559 1930 sua
584 1897 764 1931 interiore
790 1900 980 1932 structura
1016 1899 1104 1932 huic
1140 1900 1350 1942 proximas;
1391 1900 1563 1943 Speciem
1590 1911 1679 1935 vero

103 1965 217 1997 quam
257 1956 328 1989 hoc
364 1955 446 1989 loco
478 1956 768 1990 describendam
800 1958 933 1998 habeo,
961 1958 1001 1990 in
1028 1958 1219 1992 exsiccata
1244 1958 1338 1992 mihi
1365 1959 1550 1993 obtulisse
1576 1960 1679 2003 plan-

105 2016 181 2047 tam
222 2015 341 2057 magis
381 2015 504 2048 colore
543 2016 718 2049 coccineo
758 2016 989 2059 distinctam,
1029 2017 1069 2050 in
1102 2018 1315 2052 madefacta
1346 2028 1435 2052 vero
1461 2019 1542 2052 fieri
1569 2020 1678 2062 quasi

102 2076 419 2118 transparentem,
446 2077 483 2108 et
508 2075 548 2108 in
574 2075 699 2109 denuo
727 2076 917 2109 exsiccata
941 2076 996 2119 (ut
1021 2077 1060 2109 in
1088 2077 1342 2119 cartilagineis
1368 2088 1450 2111 mos
1478 2077 1549 2118 est)
1573 2079 1677 2113 abire

102 2132 142 2165 in
181 2133 442 2176 lutescentem,
482 2134 626 2168 dixisse
664 2135 722 2168 fas
761 2137 829 2168 est.
887 2135 1046 2175 Qualem
1085 2136 1184 2170 hanc
1223 2137 1393 2180 Speciem
1434 2138 1522 2179 vidi,
1561 2138 1678 2172 talem

102 2192 237 2225 sistere
264 2193 438 2235 caespites
464 2193 727 2236 subglobosos,
765 2194 858 2228 2—3
884 2194 1082 2237 pollicares
1109 2196 1355 2239 expansione,
1383 2198 1676 2241 ramosissimos,

102 2260 124 2283 a
150 2251 303 2285 rachide
334 2252 387 2295 (in
413 2253 582 2286 emollita
608 2253 727 2295 magis
754 2254 1015 2295 teretiusculo)
1047 2255 1086 2288 in
1113 2255 1303 2289 exsiccata
1329 2256 1555 2299 adparenter
1580 2267 1676 2291 com—

102 2321 244 2353 pressa,
271 2314 353 2344 tum
378 2312 545 2345 ramulos
573 2313 788 2346 conformes
814 2323 883 2346 suo
911 2313 1042 2347 ordine
1069 2314 1360 2357 decompositos,
1397 2318 1478 2349 tum
1505 2316 1675 2359 apiculos

102 2369 269 2403 minores
297 2381 318 2403 a
344 2370 501 2404 dilatata
539 2372 620 2405 basi
660 2372 787 2405 subito
823 2374 1051 2414 attenuatos,
1088 2383 1157 2406 sua
1182 2373 1420 2416 longitudine
1446 2375 1675 2409 diametrum

102 2429 266 2462 rachidis
306 2430 408 2463 haud
447 2431 698 2472 aequantibus,
739 2442 808 2464 sua
846 2432 969 2465 forma
1004 2435 1041 2465 et
1066 2433 1318 2476 dispositione
1344 2434 1451 2476 quasi
1479 2434 1674 2469 stellatum

101 2488 325 2531 adspectum
364 2490 509 2523 ramulo
548 2490 817 2524 tribuentibus.
869 2492 1043 2525 Sectione
1082 2492 1183 2526 facta
1220 2493 1465 2527 transversali
1499 2494 1674 2528 frondem

101 2547 179 2580 vidi
206 2548 284 2581 fere
311 2548 381 2581 rite
412 2550 709 2590 teretiusculam,
745 2560 975 2592 quamquam
1003 2551 1152 2593 angulis
1179 2554 1217 2585 et
1242 2552 1402 2594 apiculis
1429 2552 1671 2593 instructam

101 2608 139 2639 et
164 2610 393 2641 structuram
420 2608 638 2642 interiorem
665 2609 862 2643 evidenter
887 2609 1234 2653 plectocystideam,
1272 2611 1351 2644 suis
1378 2611 1586 2654 parietibus
1613 2612 1673 2646 fle-

101 2666 232 2699 xuosis
259 2668 373 2708 atque
399 2667 538 2701 eximie
565 2668 798 2710 gelatinosis.
849 2669 906 2702 Ex
933 2671 1051 2703 strato
1078 2669 1267 2712 ejusmodi
1294 2670 1473 2704 interiore
1498 2671 1572 2714 ipsi
1599 2672 1673 2715 api-

102 2724 174 2757 01111
214 2725 482 2767 provenientes
527 2727 712 2769 adparent
750 2738 820 2761 sua
857 2727 1065 2762 directione
1103 2728 1254 2763 diversa
1292 2732 1486 2771 exeuntes,
1526 2731 1672 2764 cellulis

101 2784 268 2817 contexti
295 2796 364 2817 sua
390 2786 598 2820 directione
625 2788 818 2830 expansis,
851 2787 945 2830 ipsis
976 2798 1045 2821 sua
1070 2787 1338 2830 longitudinali
1365 2789 1573 2823 directione
1599 2790 1673 2824 dia-

101 2847 264 2875 metrum
291 2844 461 2887 3—41plo
488 2846 770 2888 superantibus.
