1779 3068
97 99 154 137 40
719 95 1044 135 GRACILARIAE.

93 215 286 255 formam
335 212 597 254 cellularum
630 237 685 242 —
719 226 854 267 quam.
905 212 950 253 in
999 212 1097 254 aliis
1140 213 1383 269 Speciebus
1421 215 1661 270 conspicue

93 284 317 326 diversam
365 283 602 325 observavi
636 309 691 312 —
725 297 820 325 esse
868 284 1240 339 comparandam;
1290 289 1387 327 tum
1436 286 1663 341 quomodo

92 355 287 396 invicem
336 358 575 396 nectuntur
623 354 804 400 cellulae,
856 368 937 396 sua
981 355 1128 396 forma
1167 355 1368 406 diversae,
1403 371 1582 412 quoque
1616 357 1663 398 in

92 425 190 467 aliis
224 425 466 480 Speciebus
498 425 608 466 alias
642 425 956 480 dispositiones
989 425 1279 481 postulantes.

235 496 312 537 Sin
346 510 451 538 vero
484 496 531 537 in
565 496 808 551 Speciebus
841 497 1046 552 ejusdem
1070 498 1256 539 Generis
1280 498 1503 553 ejusmodi
1528 503 1662 541 struc-

92 573 202 609 turae
250 567 527 609 differentias
576 567 788 609 obvenire
830 567 1069 609 videantur
1113 569 1159 609 in
1193 568 1290 610 aliis
1324 569 1524 624 ejusdem
1562 570 1660 625 Spe-

92 639 256 685 ciebus,
300 639 454 680 forsan
498 638 831 693 conjiciendum
871 638 1098 681 videretur
1130 640 1211 681 has
1245 639 1523 682 differentias
1556 655 1663 696 prae-

91 710 221 764 cipue
254 709 465 751 obvenire
498 709 658 751 debere
690 709 807 751 inter
840 709 1031 765 Species,
1068 725 1179 765 quas
1213 711 1299 752 alio
1329 716 1531 766 respectu
1556 726 1661 767 quo-

91 780 196 822 dam
230 794 409 836 quoque
443 780 655 829 diversas,
680 781 916 823 observare
939 781 1086 831 liceat;
1112 786 1156 823 at
1178 782 1451 824 contrarium
1480 797 1661 838 quoque

91 852 302 895 obvenire
351 856 571 894 testantur
618 866 672 893 ex
715 866 806 894 una
847 857 972 908 parte
1017 853 1207 908 Species,
1249 854 1404 908 quales
1443 855 1519 897 Gr.
1560 854 1661 897 Con-

82 925 310 979 fervoz'des,
352 924 426 966 Gr.
454 924 719 979 Harvegsana
753 928 795 965 et
833 924 908 967 Gr.
933 926 1174 975 secundam,
1204 939 1316 980 quas
1339 926 1662 967 ramificatione

92 1000 134 1037 et
166 994 263 1037 aliis
297 994 602 1037 habitu-<ilibus
637 995 752 1037 notis
780 995 1088 1045 suadentibus,
1114 1010 1250 1051 quam
1278 997 1479 1051 proxime
1502 996 1662 1038 affines

91 1071 283 1121 putares,
319 1080 431 1121 quas
465 1080 569 1108 vero
603 1066 700 1121 ipsa
733 1066 986 1121 postulante
1021 1074 1245 1109 structura
1276 1068 1450 1109 frondis
1473 1068 1528 1109 ad
1554 1067 1661 1109 alias

91 1137 317 1179 Sectiones
351 1137 606 1179 Gracilariae
640 1137 825 1179 Generis
859 1138 1171 1186 distrahendas
1205 1143 1423 1193 putarem.

235 1208 369 1249 Aliud
418 1208 640 1263 ejusmodi
689 1213 766 1250 aut
808 1223 925 1251 verae
967 1209 1201 1250 affinitatis
1240 1215 1318 1251 aut
1350 1215 1525 1251 tantum
1560 1224 1661 1251 ana—

90 1280 218 1335 logiae
261 1279 518 1334 exemplum
563 1280 752 1320 forsitan
787 1280 887 1334 quis
921 1285 1152 1335 quaereret,
1187 1280 1233 1321 in
1267 1281 1426 1322 formis
1460 1281 1659 1330 diversis,

90 1365 281 1405 quarum
331 1350 440 1392 alias
488 1350 543 1392 ad
593 1350 858 1393 Sub-Genus
904 1351 1128 1397 Plocariae,
1163 1351 1273 1393 alias
1306 1351 1360 1393 ad
1396 1352 1660 1394 Sub-Genus

89 1421 224 1463 Podei
260 1447 316 1451 —
350 1421 539 1464 ducente
584 1422 731 1464 forma
775 1422 950 1464 frondis
984 1422 1160 1464 diversa
1193 1423 1298 1464 olim
1331 1423 1475 1465 retuli.
1541 1422 1660 1464 Faci-

89 1493 175 1534 lius
198 1493 351 1534 forsan
374 1494 601 1548 quispiam
625 1494 867 1548 conjiceret
890 1494 1067 1549 Species
1092 1494 1363 1549 Subgeneris
1386 1494 1523 1536 Podei
1547 1508 1660 1536 con]-

89 1563 294 1619 planatas
328 1579 508 1620 quoque
541 1571 660 1606 certa
693 1564 890 1620 quadam
913 1566 1061 1606 forma
1084 1565 1345 1607 cellularum
1370 1579 1396 1607 a
1419 1565 1660 1621 Speciebus

88 1635 301 1677 Plocariae
334 1635 533 1677 diversas
567 1635 800 1687 obvenire;
835 1650 916 1678 nec
949 1651 1160 1691 negarem
1191 1637 1236 1677 in
1262 1636 1466 1692 plurimis
1491 1636 1660 1692 Specie-

90 1706 184 1755 bus,
221 1721 333 1761 quas
366 1706 420 1748 ad
457 1707 722 1749 Sub—Genus
754 1707 892 1750 Podei
923 1707 1056 1749 hodie
1080 1707 1338 1750 referendas
1362 1707 1530 1763 putavi,
1556 1722 1660 1763 quo-

90 1792 177 1833 que
209 1778 351 1833 ipsam
393 1778 583 1820 formam
612 1779 873 1820 cellularum
898 1783 1219 1834 congruentem
1245 1779 1352 1820 mihi
1378 1778 1657 1834 adparuisse:

89 1850 259 1891 cellulas
305 1850 522 1890 nimirum
570 1849 793 1892 interioris
836 1851 960 1892 strati
1004 1864 1131 1892 secus
1165 1849 1450 1892 latitudinem
1484 1849 1658 1892 frondis

89 1934 269 1975 quoquc
314 1921 433 1976 ipsas
468 1921 696 1975 elongatas
729 1921 955 1972 obvenire,
990 1922 1024 1963 si
1060 1922 1255 1963 sectione
1290 1922 1406 1963 facta
1442 1926 1658 1963 transver-

89 1991 168 2033 sali
203 1991 375 2033 frondis
409 1992 724 2043 observantur,
760 1992 938 2047 Species
966 2006 1147 2047 quoque
1170 1992 1240 2034 his
1264 1992 1395 2034 hodie
1418 1993 1658 2034 instructas

89 2062 187 2116 (hac
232 2062 422 2104 ducente
464 2064 612 2104 forma
644 2063 921 2118 cellularum)
955 2078 980 2105 a
1015 2077 1084 2105 me
1119 2063 1300 2105 nomine
1326 2065 1659 2118 platycystideczs

89 2133 320 2176 distinctas
355 2134 504 2176 fuisse.
556 2135 687 2176 Hanc
720 2149 825 2177 vero
859 2135 1121 2177 cellularum
1155 2135 1349 2175 formam
1374 2135 1466 2176 vidi
1491 2139 1586 2176 tum
1612 2135 1657 2175 in

89 2205 331 2260 Speciebus
365 2206 511 2247 forma
544 2206 716 2248 frondis
751 2206 1037 2262 complanata
1069 2206 1310 2253 instructis,
1348 2212 1443 2247 tum
1477 2219 1657 2260 quoque

87 2276 134 2317 in
182 2277 412 2318 nonnullis
461 2277 704 2332 Speciebus
753 2277 914 2319 fronde
963 2277 1246 2320 teretiuscula
1295 2277 1482 2319 diversis
1515 2276 1656 2317 ——in

88 2347 252 2402 quibus
285 2362 389 2390 vero
423 2348 592 2390 cellulae
625 2348 962 2404 platycystideae
994 2350 1164 2391 intimae
1195 2348 1364 2395 frondis
1389 2353 1452 2389 tot
1475 2348 1654 2389 exterio-

87 2418 210 2460 ribus
233 2419 414 2467 cellulis,
440 2419 627 2461 diversae
649 2420 808 2462 formae
831 2420 1028 2462 obtectas
1055 2419 1279 2469 obvenire,
1306 2424 1354 2461 ut
1375 2423 1515 2460 totam
1538 2419 1656 2460 fron-

88 2489 188 2531 dem
215 2490 440 2532 lubentius
464 2491 797 2532 teretiusculam
821 2490 1028 2533 dicerem.
1069 2490 1191 2539 Quin
1214 2491 1354 2532 immo
1377 2489 1654 2545 comparanti

88 2575 268 2615 quoque
309 2562 418 2603 alias
461 2562 652 2617 Species,
699 2562 780 2604 hac
814 2562 986 2604 frondis
1020 2563 1166 2604 forma
1199 2568 1507 2616 congruentes,
1544 2560 1655 2602 mihi

88 2631 348 2686 adparuisse
382 2633 462 2674 has
496 2633 687 2688 Species,
722 2633 851 2687 quasi
884 2633 999 2675 inter
1033 2632 1320 2675 Sub-Genera
1351 2631 1652 2682 intermedias,

88 2702 304 2744 suadente
336 2703 423 2745 situ
457 2704 839 2759 cystocarpiorum
872 2704 927 2746 ad
961 2704 1111 2746 Podea
1144 2703 1286 2759 magis
1320 2717 1457 2758 quam
1481 2702 1537 2744 ad
1559 2702 1654 2744 Plo-

88 2773 227 2814 carias
273 2774 493 2824 accedere,
537 2779 580 2817 et
620 2775 725 2817 hinc
765 2790 845 2817 sua
877 2775 1096 2817 affinitate
1129 2775 1185 2816 ad
1220 2774 1483 2816 Sub-Genus
1517 2772 1650 2815 Podei
