1779 3068
81 78 136 118 0⁶2
705 76 1031 114 GRACILARIAE.

569 191 619 214 *³³
657 192 823 245 Species
856 192 1088 234 orientales.

85 292 148 330 1⁴3.
221 289 305 329 GR.
342 302 634 328 INCRUSTATA
687 288 729 329 J,
766 289 846 340 Ay.
881 301 971 329 nov.
1010 287 1081 339 Sp.
1133 287 1227 340 (Gr.
1260 288 1475 342 fruticosa
1524 290 1650 331 Grev:

223 375 342 401 mser.
378 360 424 399 in
462 358 547 400 Hb.
590 357 852 412 l-lookerff‘).

81 516 264 558 adparuit
318 517 372 548 De
411 501 691 548 characteribus
731 513 868 556 quibus
908 514 1020 547 hodie
1059 514 1228 556 singulas
1268 515 1409 548 formas
1444 515 1574 558 Specie
1601 515 1651 548 di—

81 576 239 609 stim-tas
273 575 386 608 hodie
418 574 597 617 judicavi,
635 574 762 607 videas
790 584 872 616 (11130
900 574 945 607 de
973 574 1032 606 his
1063 574 1161 606 infra
1187 574 1277 606 dixi.
1329 574 1470 607 Omnes
1498 574 1653 617 insuper

79 637 149 669 rite
190 634 478 678 nzc'crocystt'deczs
516 644 720 675 agnoscere
758 633 962 676 opportuit,
1003 636 1040 666 et
1079 634 1148 666 hac
1185 637 1272 667 nota
1307 644 1455 675 quoque
1482 635 1529 666 ab
1557 634 1652 671 aliisv

81 697 201 728 forma
220 694 406 727 exteriore
425 693 720 735 c‹1)11g1·nentibus
742 692 1049 736 (platycystideis)
1069 704 1217 735 (pioque
1233 696 1345 726 caute
1364 693 1652 735 distinguendas

81 756 237 797 insuper
264 753 401 786 addere
428 756 636 795 ‹1›pporteat.

224 812 255 855 ’ἢ
281 814 372 853 Quae
411 812 482 845 sub
521 812 675 845 nomine
717 810 781 844 Gr.
811 810 999 855 fruticosa
1040 810 1146 844 Grev.
1186 822 1231 844 ex
1272 812 1381 844 India
1420 812 1593 846 orientali
1632 824 1654 845 a

81 874 230 916 wright
268 875 467 915 reportata,
507 882 696 914 quamque
734 871 773 904 in
812 871 885 904 Hb.
916 870 1080 904 Hookeri
1119 871 1196 912 jam
1234 882 1254 904 a
1294 870 1459 904 Greville
1499 872 1653 905 nomine

84 932 291 975 &rimu-time
309 931 506 975 fruticosoe
544 931 781 973 designatam
816 930 904 969 vidi,
942 931 980 963 111
1009 929 1108 973 Spec.
1139 930 1216 973 Αἶα.
1242 941 1326 973 pay.
1355 932 1426 964 589
1452 934 1491 964 ut
1522 941 1596 964 var.
1624 928 1651 963 ὃ.

84 991 165 1035 Gry.
192 991 295 1025 (lurco.
332 1002 393 1025 me
431 991 616 1032 retulisse,
656 990 769 1023 hodie
808 990 1029 1023 meminisse
1068 990 1202 1033 placet.
1268 989 1399 1030 Quoad
1439 990 1652 1024 habituales

82 1055 190 1085 notas
229 1062 378 1094 quoque
418 1051 479 1084 Gr.
508 1051 611 1084 durae
645 1050 857 1093 proximam
894 1060 976 1083 esse
1003 1061 1072 1083 nec
1099 1050 1336 1091 denegarem.
1389 1050 1512 1090 Quum
1542 1050 1654 1083 hodie

82 1112 119 1144 in
148 1112 218 1145 hac
244 1112 367 1144 forma
394 1111 563 1153 Speciem
592 1110 650 1143 sui
676 1110 772 1153 juris
799 1110 1077 1152 agnoscendam
1099 1109 1323 1152 putaverim,
1343 1109 1502 1142 eandem
1522 1110 1652 1143 stricto

79 1171 163 1213 jure
201 1171 272 1204 sub
312 1170 465 1203 nomine
505 1170 746 1203 Grevilleano
785 1169 1058 1202 restituendam
1098 1179 1181 1201 esse
1217 1169 1345 1201 forsan
1382 1169 1465 1210 quis
1493 1172 1651 1211 urgerem

83 1231 147 1264 Sin
187 1241 275 1264 vero
314 1231 385 1263 sub
424 1230 578 1263 nomine
611 1230 788 1272 specifico
816 1229 1056 1262 Grevilleano
1084 1228 1195 1261 aliam
1225 1228 1395 1270 Speciem
1423 1229 1538 1261 Novae
1566 1227 1653 1261 Hol-

81 1290 217 1323 landiae
245 1301 265 1323 a
292 1291 445 1332 Harvey
484 1289 712 1331 descriptam
753 1288 872 1321 fuisse
907 1288 1018 1321 hodie
1055 1291 1214 1327 constat,
1245 1291 1282 1320 et
1309 1288 1406 1320 hanc
1433 1298 1582 1329 quoque
1609 1287 1652 1320 si·

80 1353 179 1382 stcre
219 1349 390 1392 Speciem
429 1349 485 1381 sui
525 1348 631 1391 juris,
672 1348 764 1380 mihi
806 1348 1083 1390 praet'erendum
1120 1347 1306 1389 adparuit,
1339 1347 1483 1389 Speciei
1512 1347 1652 1380 Grevil-

82 1410 198 1442 leanae
238 1409 339 1441 aliud
378 1409 543 1441 tribuere
583 1418 733 1447 nomen,
775 1408 1010 1441 characteres
1047 1407 1192 1449 Speciei
1223 1407 1356 1440 melius
1384 1406 1652 1448 (1110(1110111111Α

81 1479 182 1502 cans.
232 1468 531 1509 (Grevilleanum
571 1478 710 1501 nomen
751 1478 937 1509 nusquam
978 1466 1119 1509 publici
1158 1466 1254 1509 juris
1292 1467 1446 1508 factum,
1479 1465 1650 1502 memini:

82 1529 349 1570 Harveyanam
377 1538 465 1560 vcro
493 1528 661 1570 plantam
690 1538 735 1559 ex
764 1527 870 1560 Nova
898 1526 1102 1559 Hollandia
1124 1526 1196 1559 sub
1215 1526 1346 1559 eodem
1368 1525 1521 1559 nomine
1541 1525 1653 1558 hodie

82 1588 254 1627 militare,
295 1598 444 1629 quoque
483 1587 613 1620 stricto
649 1587 732 1629 jure
764 1587 1029 1629 Harveyanam
1066 1586 1233 1628 plantam
1267 1596 1407 1618 nomen
1433 1595 1543 1617 suum
1572 1584 1654 1617 reti-

82 1658 170 1680 nere
197 1647 334 1680 debere
362 1646 490 1690 patet>

225 1708 308 1741 ι111111
343 1717 389 1739 ex
426 1706 558 1739 habitu
591 1709 747 1739 externe
777 1705 842 1739 Gr.
870 1705 1110 1738 ‹infer-ustatam
1139 1716 1207 1738 sua
1233 1703 1480 1737 consistentia
1508 1702 1652 1735 frondis

81 1766 187 1808 quasi
228 1766 470 1807 fragiliorem,
510 1769 547 1799 et
585 1766 758 1799 frondem
796 1776 925 1799 revera
959 1768 1116 1798 teretem
1144 1764 1398 1797 exsiccatione
1425 1763 1504 1796 fieri
1534 1762 1653 1804 magis

81 1826 310 1865 annulatam,
350 1829 506 1858 externe
545 1825 749 1858 adin‹j›dum
790 1825 935 1866 duram,
981 1825 1019 1857 in
1060 1823 1238 1857 interiore
1277 1823 1382 1865 quasi
1425 1822 1650 1859 mollimenn

81 1885 251 1918 crassitie
290 1885 435 1918 frondis
475 1896 623 1927 (1110(1110
663 1885 977 1918 mediterraneam
1018 1884 1186 1926 plantam
1226 1885 1468 1925 superantem
1504 1881 1652 1914 facilius

81 1945 165 1987 quis
193 1945 392 1987 putaverit.
446 1944 648 1986 Sugmento
676 1944 775 1977 facto
803 1943 1045 1977 transversali
1074 1946 1274 1984 utramque
1293 1942 1462 1984 plantam
1482 1940 1650 1974 teretius-

81 2004 205 2037 cnlam
232 2005 308 2038 vidi
337 2008 373 2037 et
400 2007 597 2046 utramque
625 2005 694 2037 rite
722 2003 1061 2046 microcystideam.
1096 2012 1234 2044 nempe
1261 2001 1406 2035 cellulis
1434 2003 1651 2033 contextam

82 2065 326 2098 interioribus
365 2064 522 2097 minutis
563 2067 600 2097 et
637 2074 707 2096 sua
746 2063 1007 2105 magnitudine
1046 2062 1162 2094 series
1199 2061 1419 2094 cellularum
1447 2059 1652 2093 exteriores

82 2136 214 2167 parum
254 2124 534 2166 superantil'ms,
574 2122 992 2164 rotundatoangulatis,
1038 2124 1075 2154 et
1112 2121 1151 2154 in
1191 2119 1441 2163 superpositis
1481 2119 1652 2152 seriebus

82 2185 166 2227 plus
206 2184 332 2217 minus
371 2183 441 2216 rite
481 2183 767 2216 alternantibus.
821 2183 1022 2224 Segmento
1060 2181 1160 2214 facto
1200 2179 1464 2221 longitudinali
1498 2179 1652 2212 cellulas

81 2244 342 2286 superpositas
374 2243 533 2276 eandem
567 2242 856 2285 dispositionem
885 2241 1135 2274 alternantem
1163 2242 1359 2273 servantes
1387 2238 1474 2275 vidi,
1503 2241 1540 2271 at
1566 2248 1652 2280 pau-

82 2304 197 2346 lisper
235 2303 423 2345 longiores
463 2313 575 2345 quam
615 2302 721 2341 latas,
755 2312 824 2334 suo
856 2301 1040 2334 diametro
1067 2297 1332 2341 longitudinali
1360 2298 1650 2331 transversalem

82 2364 230 2396 circiter
268 2363 383 2405 duplo
422 2365 662 2405 superantes3
698 2362 750 2394 ita
777 2361 927 2394 easdem
956 2361 1078 2393 forma
1104 2357 1449 2396 rotundatoovales
1476 2357 1651 2398 dicerem,

82 2433 182 2456 nunc
220 2423 327 2464 quasi
367 2422 406 2454 in
445 2421 568 2454 media
607 2432 676 2454 sua
716 2425 821 2463 parte
860 2422 1071 2453 contractas
1109 2418 1170 2461 (ad
1209 2417 1461 2451 divisionem?
1490 2416 1650 2459 pronas).

82 2482 311 2516 Cellularum
352 2481 559 2524 parietibus
593 2481 815 2523 plerumque
848 2479 1028 2513 flexuosis
1060 2481 1097 2511 et
1122 2478 1285 2511 invicem
1315 2476 1415 2509 haud
1442 2479 1542 2509 arcte
1569 2486 1652 2508 con-

82 2542 193 2574 cretis
221 2552 370 2583 quoque
396 2541 553 2574 indicari
583 2540 712 2583 putavi
739 2540 894 2573 cellulas
920 2538 1176 2581 juxtapositas
1203 2535 1366 2569 invicem
1386 2538 1533 2568 tantum
1553 2545 1652 2578 spar-

83 2601 153 2633 sim
194 2601 272 2633 fieri
313 2612 399 2633 cum
438 2600 572 2634 vicinis
612 2603 817 2642 concretas,
853 2602 891 2632 et
923 2599 994 2631 hoc
1022 2597 1133 2630 modo
1161 2596 1355 2639 pressione
1383 2598 1514 2628 mutua
1541 2605 1652 2636 angu-

82 2660 193 2699 131οΜ
223 2661 322 2702 quod
350 2663 567 2702 comparata
593 2670 742 2701 quoque
769 2659 906 2700 exigua
936 2656 1174 2699 longitudine
1200 2655 1431 2696 cellularum,
1460 2658 1496 2687 et
1523 2664 1651 2687 earum

83 2720 333 2752 alternatione
376 2719 415 2752 in
453 2719 623 2752 seriebus
662 2717 1002 2760 longitudinalibus
1046 2715 1284 2750 contribuere
1323 2714 1368 2747 ad
1408 2713 1650 2755 fragilitatem

81 2782 153 2810 <sat
191 2779 395 2821 conspicue
433 2778 725 2819 observandam)
762 2778 801 2810 in
841 2776 973 2819 Specie
1012 2776 1153 2815 Indica,
1193 2776 1410 2816 comparata
1449 2783 1495 2806 ex
1535 2772 1652 2805 altera

86 2840 190 2879 parte
217 2838 465 2871 consistentia
490 2838 733 2880 cartilaginea
759 2836 905 2869 frondis
932 2836 969 2869 in
1001 2834 1065 2868 Gr.
1086 2834 1192 2868 (lm-a.
1235 2832 1384 2866 Fronde
1409 2830 1652 2866 teretiuscula
