1779 3068
1657 169 1679 209 7

110 288 241 327 'textu
287 283 345 325 ad
391 284 565 326 iconem
614 284 779 326 dictam
828 284 923 326 haec
970 283 1106 327 verba
1159 285 1359 340 Harveyi
1407 285 1678 328 afferuntur:

120 354 317 410 »Except
363 355 431 396 for
477 355 533 397 its
579 355 852 397 fresh-water
898 354 1072 397 habitat
1118 356 1207 398 this
1255 355 1408 398 Genus
1456 355 1562 398 does
1601 360 1681 399 not

113 424 249 467 differ
295 426 413 468 from
460 426 536 468 the
589 425 858 481 preceeding
909 425 1087 468 Section
1139 427 1188 468 of
1240 426 1586 478 Oallithamnion,
1635 432 1680 470 to

115 496 260 538 which
294 497 339 538 in
372 497 447 538 the
481 496 586 539 Brit.
611 496 742 539 Flora
774 496 793 538 I
826 497 1044 539 ventured
1078 502 1121 540 to
1154 497 1278 539 unite
1310 498 1355 539 it.
1411 497 1555 540 Inow
1577 498 1680 553 give

114 580 177 622 up
210 567 298 610 this
331 567 468 623 point,
496 567 576 610 but
608 572 728 610 must
760 567 849 610 still
881 567 1066 610 observe
1098 568 1195 610 that
1226 568 1332 612 Gall.
1362 568 1559 612 Daviesiz'
1591 568 1680 611 and

120 638 417 691 Trentepohlz'a
440 639 668 692 pulchella,
703 638 833 680 when
871 638 959 680 this
992 638 1120 681 latter
1152 639 1188 681 is
1222 639 1318 682 well
1350 639 1571 691 coloured,
1607 654 1681 683 are

113 708 311 764 scarcely
359 708 700 763 distinguisable
749 708 893 751 under
939 709 1014 751 the
1047 710 1362 765 microscope».
1427 710 1520 753 Nec
1553 710 1680 753 siccis

114 778 304 834 pedibus
351 778 574 834 ejusmodi
622 778 822 834 plantam
871 780 1192 822 transeundam
1234 794 1328 823 esse
1370 780 1677 824 Floridearum

113 849 321 905 Systema
362 849 692 900 Conditoribus,
729 850 938 905 equidem
973 850 1176 893 lubenter
1208 865 1509 907 agnoscerem.
1569 852 1680 894 Mihi

110 920 299 976 quidem
332 920 464 962 hodie
496 924 643 976 partes
676 920 881 974 ejusdem
913 921 1169 964 fructiferas
1202 923 1494 977 comparanti,
1527 928 1680 965 tamen

111 991 451 1046 agnoscendum
497 991 719 1047 adparuit,
769 992 816 1033 in
864 992 934 1034 his
981 992 1184 1047 partibus
1232 1007 1313 1035 nec
1352 994 1555 1048 favellas,
1598 1008 1681 1036 nec

111 1064 440 1116 sphcerosporas
460 1063 623 1105 certius
655 1076 972 1118 recognoscere
1005 1063 1117 1104 mihi
1150 1063 1339 1106 licuisse.
1391 1064 1479 1106 Ubi
1506 1065 1680 1107 fructus

113 1133 250 1189 hujus
298 1134 457 1176 formae
501 1134 645 1189 magis
679 1134 880 1176 evolutos
913 1148 984 1176 me
1017 1134 1185 1177 vidisse
1217 1134 1386 1190 putavi,
1421 1135 1467 1176 in
1501 1136 1681 1190 organis

110 1205 230 1247 circa
260 1205 468 1259 genicula
499 1204 859 1247 excrescentibus
891 1205 1128 1260 corymbos
1161 1210 1240 1247 aut
1264 1205 1503 1248 fasciculos
1526 1207 1679 1249 Wran-

111 1275 301 1331 gelianae
334 1275 573 1332 cujusdam
605 1276 770 1331 plantae
802 1276 982 1318 facilius
1014 1277 1166 1318 forsan
1198 1277 1299 1332 quis
1326 1282 1679 1332 recognosceret;

111 1351 158 1389 at
190 1361 414 1402 nusquam
448 1361 530 1389 nec
563 1347 975 1403 sphaerosporarum
1009 1362 1132 1390 inore
1164 1347 1398 1391 divisionis
1441 1348 1680 1404 cujusdam

111 1419 411 1473 quaternarias
462 1418 629 1461 indicia
681 1418 917 1461 observare
970 1419 1115 1470 licuit;
1177 1420 1325 1475 potius
1378 1420 1681 1462 endochroma

111 1489 242 1544 quasi
290 1489 492 1544 partibus
540 1490 854 1532 minutissimis
902 1491 1182 1545 congregatis
1230 1494 1432 1533 constare
1470 1490 1678 1534 dicerem.

113 1559 206 1602 Nec
238 1560 285 1602 in
319 1560 468 1603 fructu
501 1560 645 1616 magis
677 1561 855 1603 evoluto
888 1565 931 1603 et
963 1560 1280 1617 decomposito,
1305 1562 1396 1604 suis
1420 1562 1555 1603 ramis
1579 1561 1680 1617 plus

112 1631 264 1673 minus
313 1631 548 1687 disjunctis
596 1631 937 1687 dispositionem
987 1632 1217 1687 quandam
1256 1633 1466 1688 partium,
1500 1633 1681 1688 qualem

110 1702 160 1743 in
192 1702 354 1744 favella
387 1707 464 1744 aut
496 1703 654 1745 nucleo
687 1704 1069 1759 cystocarpiorum
1103 1704 1189 1746 alio
1226 1717 1541 1759 recognoscere
1581 1717 1680 1746 con-

111 1773 356 1824 suevimus,
392 1773 596 1828 detegere
629 1774 742 1816 mihi
775 1774 973 1829 contigit.

257 1843 302 1886 Si
345 1845 444 1900 jure
482 1844 678 1900 quodam
711 1844 844 1887 hodie
876 1845 1024 1900 urgeri
1058 1845 1188 1889 video
1221 1845 1344 1888 haud
1376 1850 1553 1888 tantum
1586 1860 1680 1888 esse

113 1914 470 1971 morphologicos
518 1915 795 1958 characteres
843 1930 1129 1971 organorum,
1184 1917 1348 1972 quibus
1396 1916 1443 1958 in
1491 1917 1677 1959 affinita-

111 1986 232 2028 tibus
280 1985 587 2028 Floridearum
637 1987 940 2043 dijudicandis
987 1987 1193 2030 insistere
1235 1992 1502 2043 opporteret,
1537 1988 1682 2043 inqui-

113 2056 305 2100 rendum
347 2057 457 2102 mihi
499 2071 679 2113 quoque
711 2057 972 2113 adparuisse
1006 2059 1199 2101 dicerem
1233 2073 1350 2101 anne
1383 2073 1563 2115 quoque
1596 2059 1682 2101 alia

113 2127 422 2170 Floridearum
456 2143 636 2184 organa,
672 2129 1085 2185 sphaerosporarum
1118 2129 1302 2172 nomine
1329 2130 1574 2185 designata,
1601 2144 1680 2172 suo

111 2199 380 2242 evolutionis
428 2199 561 2242 modo
609 2201 903 2255 congruentia
944 2215 1172 2243 assumere
1206 2205 1460 2256 opporteret
1492 2215 1593 2243 cum
1627 2201 1681 2243 iis

110 2284 216 2326 quae
247 2270 450 2326 ejusdem
482 2271 657 2326 generis
690 2285 859 2327 organa
892 2277 1109 2328 putantur
1137 2272 1184 2313 in
1210 2272 1406 2318 familiis,
1441 2286 1552 2327 quas
1585 2286 1680 2328 pro-

112 2342 258 2383 ximas
289 2340 494 2396 judicant
525 2341 869 2385 Reformatores.
935 2342 981 2385 Si
1014 2343 1151 2398 igitur
1182 2343 1277 2397 ipse
1315 2343 1478 2385 Davies
1509 2342 1563 2384 de
1595 2343 1682 2385 for-

113 2412 310 2454 matione
362 2426 632 2467 organorum
684 2413 731 2454 in
786 2414 1059 2456 Anthocerote
1111 2413 1315 2456 iconibus
1368 2413 1680 2469 pulcherrimis

111 2482 444 2525 demonstrasse
491 2483 628 2538 hujus
675 2484 851 2538 generis
898 2498 1067 2539 organa
1108 2484 1328 2539 quaedam,
1363 2485 1544 2540 proprio
1576 2499 1681 2540 quo·

114 2553 220 2595 dam
264 2552 397 2595 modo
439 2558 482 2595 et
514 2553 645 2609 longe
678 2558 858 2608 peracta
889 2555 1319 2597 transmutationum
1353 2555 1463 2598 serie
1496 2555 1679 2598 demum

113 2628 156 2667 et
203 2624 431 2680 propriam
478 2638 605 2666 suam
654 2625 847 2667 formam
895 2630 938 2667 et
985 2640 1088 2668 suas
1136 2626 1388 2668 functiones
1431 2640 1678 2677 assumere;

112 2696 264 2737 nonne
298 2694 455 2737 eodem
488 2695 621 2737 modo
654 2695 893 2738 formanda
927 2697 1262 2752 suspicarentur
1294 2711 1345 2739 ea
1374 2711 1553 2752 organa,
1580 2711 1680 2753 quae

113 2766 184 2808 his
231 2766 421 2822 analoga
467 2766 514 2807 in
561 2766 658 2808 aliis
700 2767 884 2809 familiis
925 2772 1260 2822 generarentur,
1301 2767 1458 2811 iisdem
1492 2769 1680 2811 functio-

113 2837 247 2879 nibus
293 2837 543 2879 instructa?
606 2837 841 2893 Ejusmodi
889 2843 1042 2880 autem
1089 2838 1355 2881 evolutionis
1408 2839 1680 2895 sphaerospo-

113 2921 286 2957 rarum,
337 2921 437 2963 quae
485 2908 531 2949 in
586 2908 801 2951 Florideis
849 2914 1138 2964 generantur,
1187 2912 1415 2966 nusquam
1462 2910 1681 2953 indicium
