1779 3068
88 93 171 134 100
710 86 1030 128 GRAOILAIMAE.

367 207 546 261 ††††††
579 205 911 247 GELIDIOIDEAE
944 204 1098 256 fronde
1124 205 1226 258 plus
1257 204 1399 246 minus
1422 205 1656 259 conspiciare

570 276 905 331 pleetoeystz'dea,
947 275 1046 329 fere
1083 276 1181 329 jam
1230 277 1282 317 ab
1323 276 1413 318 inm
1456 276 1549 319 basi
1581 281 1657 318 aut

579 361 813 402 compressa
855 351 931 389 aut
966 347 1106 401 mayz's
1139 347 1357 401 conspicue
1389 349 1656 402 complanata

579 424 620 462 et
659 419 830 471 lineari,
874 434 901 460 a
941 418 1209 472 marginibus
1245 419 1438 461 raucidis
1472 423 1557 461 tum
1590 434 1658 461 ra-

578 491 659 533 mis
700 490 987 544 conformibus
1028 490 1274 532 dichotomis
1305 491 1536 541 subdivisa,
1572 495 1658 533 tum

580 563 762 606 ramulis
807 562 1029 615 pinnatim
1083 561 1301 616 dispositis
1352 563 1496 615 spatia
1548 563 1659 604 inter

579 649 721 677 ‘ramos
769 634 1068 686 occupantibus
1113 633 1322 675 instructa
1366 659 1423 663 ——
1455 634 1659 688 frondem

582 707 646 749 ita
680 706 835 760 pinnis
863 705 1144 759 pinnulisque
1175 719 1308 758 supra
1342 705 1660 758 decompositam

581 779 797 833 referente,
831 792 966 830 supra
997 776 1194 819 rachides
1219 778 1432 829 planatus
1459 780 1660 830 cyslocar-

576 851 658 903 pia
687 851 786 903 plus
818 849 960 891 minus
992 850 1116 890 dense
1147 862 1302 900 sparsa
1333 852 1568 901 yenerunte.

232 995 434 1051 Speciem
482 994 565 1036 sub
599 993 782 1035 nomine
816 992 890 1034 Gr.
927 991 1198 1034 cei-vicornis
1231 990 1309 1032 diu
1343 989 1584 1045 cognitam,
1619 993 1662 1031 et

85 1067 143 1110 ad
178 1082 278 1109 oras
311 1066 453 1108 Indiae
486 1065 774 1108 occidentalis
808 1069 858 1106 ut
885 1063 1064 1106 videtur
1087 1063 1385 1118 frequentem,
1412 1075 1493 1103 sua
1516 1061 1664 1103 forma

86 1139 375 1194 complanata
422 1137 597 1183 frondis
645 1136 700 1178 ad
751 1135 990 1191 Subgenus
1039 1134 1177 1176 Podei
1225 1132 1507 1175 referendam
1553 1146 1661 1181 esse,

88 1224 368 1266 quamquam
420 1214 517 1250 tum
567 1222 648 1250 sua
689 1208 838 1249 forma
880 1206 1055 1248 frondis
1093 1204 1530 1253 lanceolam-lineari,
1565 1208 1661 1245 tum

89 1297 171 1324 sua
205 1280 530 1323 ramificatione
563 1279 834 1334 adparenter
866 1277 1090 1332 pinnatim
1126 1275 1444 1331 decomposita,
1479 1274 1535 1317 ab
1566 1274 1664 1316 aliis

88 1353 227 1395 Podei
278 1351 521 1407 Speciebus
570 1354 638 1392 sat
679 1349 920 1405 conspicue
954 1348 1179 1390 diversam
1214 1347 1346 1389 hodie
1379 1360 1560 1402 quoque
1593 1359 1664 1401 ag-

88 1423 369 1467 noscendum
418 1422 600 1465 credidi.
666 1421 870 1463 Eandem
918 1434 1024 1463 vero
1072 1424 1168 1461 tum
1219 1419 1311 1461 suis
1359 1417 1664 1460 habitualibus

89 1496 206 1538 notis
238 1522 295 1525 —
330 1495 474 1550 magis
508 1492 835 1536 Gelidioideam
869 1491 1170 1534 referentibus
1204 1517 1261 1521 -—
1293 1496 1387 1532 tum
1424 1503 1506 1531 sua
1529 1493 1663 1531 struc-

88 1572 190 1610 tura
235 1566 444 1609 interiore
489 1565 665 1607 frondis
698 1564 754 1607 ab
788 1564 886 1606 aliis
920 1563 1057 1606 Podei
1091 1561 1364 1605 sectionibus
1398 1561 1575 1604 diversa
1608 1584 1664 1589 -—

90 1639 220 1694 quasi
254 1638 498 1681 sectionem
533 1637 805 1692 Subgeneris
839 1636 1066 1692 propriam
1102 1635 1256 1677 sistere
1280 1632 1412 1675 hodie
1436 1645 1663 1674 assumen-

90 1710 199 1752 dum
233 1709 404 1765 putavi.

236 1781 392 1836 Ipsum
427 1781 625 1836 stipitem
659 1779 831 1822 frondis
862 1794 943 1821 sua
966 1779 1226 1821 cellularum
1252 1781 1475 1819 structura
1499 1788 1667 1817 earum-

94 1867 183 1908 que
232 1852 526 1908 dispositione
574 1866 734 1908 parum
786 1851 968 1893 differre
1016 1851 1071 1892 ab
1120 1864 1183 1899 ea,
1235 1862 1371 1904 quam
1426 1845 1668 1902 Speciebus

93 1924 351 1966 Gracilariae
402 1923 700 1966 teretiusculis
749 1923 946 1978 typicam
997 1921 1167 1978 putavi,
1218 1920 1364 1962 dicere
1404 1919 1474 1960 fas
1514 1921 1580 1959 est
1613 1941 1667 1946 ———

94 1995 310 2037 nimirum
355 1995 563 2037 cellulam
605 1995 769 2037 axilem
811 1994 1024 2037 obvenire
1059 1993 1294 2041 minutam,
1331 1995 1374 2032 et
1405 1990 1522 2031 hanc
1556 1988 1668 2030 cinc-

93 2072 186 2108 tam
221 2066 397 2108 cellulis
425 2066 560 2122 paulo
595 2066 842 2121 majoribus
876 2065 977 2121 plus
1006 2065 1156 2106 minus
1180 2063 1421 2118 conspicue
1444 2061 1491 2102 in
1515 2059 1669 2102 orbem

94 2138 348 2193 dispositis;
383 2138 664 2193 eandemque
697 2138 900 2180 revenire
933 2138 978 2178 in
1013 2136 1171 2178 fronde
1205 2134 1432 2190 superiore
1461 2132 1540 2174 ubi
1563 2144 1668 2173 vero

93 2209 302 2252 cellulam
336 2209 499 2252 axilem
533 2214 715 2265 putares
750 2209 893 2264 magis
932 2208 1177 2250 cohibitam
1218 2205 1388 2248 cellulis
1421 2203 1519 2245 aliis
1552 2203 1670 2244 fron-

95 2281 164 2323 dis
211 2280 513 2330 interioribus,
563 2294 644 2322 sua
692 2280 985 2336 dispositione
1035 2279 1261 2334 margines
1306 2290 1462 2319 versus
1495 2273 1670 2316 frondis

94 2437 204 2480 latas,
240 2438 449 2472 directione
484 2438 674 2481 margines
707 2449 839 2472 versus
867 2437 1013 2471 frondis
1041 2447 1174 2479 parum
1202 2434 1390 2477 longiores
1418 2442 1530 2475 quam
1558 2430 1672 2464 direc-

95 2497 200 2530 tione
239 2497 397 2540 paginas
436 2508 579 2532 versus.
642 2498 813 2541 Speciem
853 2497 1060 2531 admodum
1105 2495 1355 2538 gelatinosam
1395 2495 1499 2536 puto,
1539 2491 1671 2533 utpote

95 2557 238 2590 chartae
271 2560 372 2591 arcte
408 2558 641 2591 adhaerentia
673 2556 885 2600 specimina
911 2555 1000 2590 vidi.
1053 2554 1269 2598 Specimina
1296 2564 1317 2587 a
1343 2553 1574 2593 Montagneo
1600 2547 1672 2582 sub

98 2616 254 2649 nomine
292 2617 559 2660 Phyllophorae
597 2616 786 2650 Maillardi
825 2615 1016 2658 descripta
1048 2615 1184 2648 melius
1215 2623 1348 2648 revera
1374 2614 1543 2645 nostram
1571 2608 1673 2652 plan-

99 2678 176 2708 tam
216 2677 356 2710 referre
394 2676 575 2717 dicerem;
617 2676 717 2719 quod
745 2679 870 2710 autem
899 2675 1054 2709 nomine
1081 2671 1342 2716 Rhodymeniae
1368 2667 1589 2705 Millardetii
1615 2667 1673 2701 de-

100 2734 235 2777 pinxit,
263 2736 301 2768 id
328 2736 523 2779 specimen
549 2736 684 2770 sistere
710 2735 883 2778 ejusdem
912 2735 1051 2778 plantae
1078 2733 1317 2767 fructiferum
1345 2739 1539 2764 assumere
1558 2737 1672 2761 ausus

100 2804 201 2833 sum3
242 2795 341 2836 quod
382 2806 542 2837 quoque,
582 2798 715 2838 utpote
754 2795 801 2828 ad
832 2805 944 2828 suum
972 2793 1167 2837 proprium
1196 2792 1326 2826 Genus
1353 2790 1525 2830 relatum,
1553 2785 1674 2829 magis

102 2853 209 2894 quasi
236 2854 420 2896 typicum,
449 2865 590 2888 nomen
618 2854 763 2897 Speciei
790 2853 917 2897 potius
944 2853 1118 2886 daturum
1148 2851 1300 2886 credidi.
