1779 3068
90 127 145 168 22
689 123 753 165 CA
762 137 1062 165 LLOPHYLms.

374 243 462 295 †††
498 241 787 296 Gystocaipiis
816 241 865 283 in
888 245 1016 294 parte
1037 242 1222 295 quadam
1243 241 1325 284 sibi
1340 242 1524 297 propria
1535 242 1658 297 fron-

495 313 573 362 dis,
616 312 741 366 quasi
784 313 843 355 ad
883 327 934 354 ea
964 313 1212 366 yeneranda
1242 313 1415 355 seorsim
1447 317 1539 356 orta
1561 327 1658 367 pro-

495 383 766 433 venientibuS,
801 387 838 425 et
867 383 1138 437 subsinyulis,
1171 383 1219 426 in
1240 383 1354 426 disco
1376 384 1510 426 medio
1533 384 1661 438 hujus

489 456 634 508 partis
679 454 1057 504 intumescentibus,
1098 458 1267 508 partem
1305 454 1588 510 fructiferam
1634 469 1662 497 a

487 526 649 581 fronde
688 526 874 579 propria
920 526 987 568 ita
1034 526 1252 579 conspicue
1298 526 1507 568 diversam
1547 539 1661 579 yene-

496 597 707 639 rantibus.

529 689 753 714 ****²****
787 692 1034 734 Frondibus
1091 692 1369 745 complanatis
1424 691 1665 734 latiusculis

792 763 1092 816 subpalmatim
1133 763 1284 806 divisis
1322 766 1359 806 et
1390 763 1492 816 plus
1523 763 1664 804 minus

790 834 1042 887 flabellatim
1074 834 1288 888 expansis,
1324 834 1596 888 cystocarpiis
1617 834 1664 876 in

792 906 927 959 Ziyula
961 906 1193 948 rotundata
1223 905 1470 959 mummuli,
1503 905 1664 948 discum

793 977 977 1019 medium
1021 976 1323 1030 occupantibus
1353 976 1550 1030 sinyulis,
1585 989 1664 1019 cre-

793 1049 939 1090 nulam
977 1048 1169 1102 fertilem
1217 1047 1342 1101 quasi
1384 1047 1432 1090 in
1464 1051 1665 1102 cystocar-

786 1119 913 1172 pium
945 1119 1340 1161 transmutantibus.

93 1216 162 1258 20.
234 1214 343 1257 CAL.
380 1229 683 1255 FLABELLATA
723 1214 906 1257 Crouan.

93 1311 162 1352 21.
235 1309 344 1351 CAL.
380 1324 654 1351 LACINIATA.

93 1405 161 1447 22.
237 1404 345 1446 CAL.
382 1418 744 1447 ANGUSTIFOLIA.

93 1501 162 1542 23.
235 1499 344 1541 ΟΑι.
380 1499 617 1542 JAPONICA
657 1498 941 1553 Okamura·³*).

500 1616 755 1641 *********
789 1616 1036 1660 Frondibus
1088 1617 1364 1670 complanatis
1415 1616 1668 1670 anyustiori-

797 1691 872 1732 bus
897 1693 1045 1742 partes
1075 1688 1301 1741 inferiores
1332 1692 1370 1730 et
1400 1687 1559 1730 steriles
1584 1702 1668 1729 am-

800 1761 887 1803 bitu
928 1761 1065 1813 mayis
1106 1759 1299 1810 lineares,
1333 1763 1374 1801 et
1405 1759 1462 1801 ad
1493 1758 1668 1812 disposi-

797 1832 947 1874 tionem
985 1831 1218 1884 pinnatam
1251 1830 1556 1886 ramificatione
1587 1835 1668 1872 ten-

797 1904 951 1953 dentes,
987 1903 1150 1944 demum
1172 1901 1423 1956 fructiferae
1450 1902 1497 1944 in
1525 1901 1671 1955 tiyulis

797 1973 1124 2029 marginalibus,
1163 1987 1279 2015 secus
1316 1973 1531 2026 maryines
1570 1972 1670 2015 seri-

797 2046 882 2088 atis
925 2050 962 2087 et
1003 2046 1128 2099 quasi
1165 2044 1371 2098 proprii&
1406 2043 1672 2098 cystocarpia

95 2169 261 2213 oppositi
289 2169 497 2212 adpareant
523 2170 560 2201 et
585 2166 796 2210 interjectis
823 2165 1034 2198 minoribus
1061 2163 1168 2206 quasi
1198 2162 1414 2206 caespitulos
1443 2162 1608 2196 minores
1633 2166 1671 2196 et

95 2229 397 2264 subdivaricatos
436 2228 657 2261 formantes.
707 2227 841 2259 Totam
876 2224 1047 2268 plantam
1080 2224 1152 2257 hoc
1178 2223 1291 2257 modo
1318 2225 1356 2256 et
1380 2222 1529 2255 firmam
1556 2224 1594 2255 et
1619 2221 1670 2255 di-

96 2289 467 2324 varicato-ramosam
500 2287 579 2320 fere
611 2285 736 2319 dicere
768 2285 908 2326 liceret,
935 2294 1004 2317 suo
1030 2282 1164 2316 habitu
1191 2293 1213 2316 a
1240 2281 1317 2317 Cal.
1345 2281 1520 2315 coccinea
1547 2281 1671 2315 admo-

96 2350 187 2384 dum
226 2347 428 2382 diversam.
479 2346 551 2379 His
590 2356 679 2380 vero
717 2344 839 2388 ipsius
871 2343 1018 2378 frondis
1051 2341 1172 2384 magis
1199 2341 1361 2375 evolutae
1389 2340 1670 2374 characteribus

97 2409 235 2443 addere
273 2409 449 2451 opportet
484 2405 721 2449 cystocarpia
752 2403 975 2446 neutiquam
1011 2400 1509 2436 obveniresubterminalia
1534 2403 1571 2433 et
1597 2399 1671 2443 api-

97 2469 181 2503 culo
219 2467 325 2502 brevi
363 2466 576 2507 terminata,
615 2465 683 2499 sed
720 2465 760 2498 in
799 2462 1031 2506 corymbulis
1066 2461 1300 2494 ramulorum
1326 2459 1475 2493 discum
1502 2458 1670 2492 medium

97 2530 380 2570 segmentorum
408 2525 649 2569 occupantia;
684 2534 758 2567 qua
784 2525 875 2556 nota
900 2522 1027 2565 plures
1054 2530 1204 2564 quoque
1231 2519 1324 2553 alias
1351 2519 1492 2552 formas
1518 2521 1561 2552 ut
1587 2518 1672 2561 Spe-

98 2587 173 2621 cies
213 2586 412 2620 distinctas
451 2584 565 2619 hodie
602 2593 796 2617 assumere
835 2592 949 2616 ausus
988 2592 1085 2622 sum,
1124 2590 1218 2622 quas
1254 2581 1367 2612 antea
1393 2581 1436 2612 ut
1460 2578 1603 2611 formas
1630 2575 1670 2611 O.

98 2646 283 2680 coccineae
310 2645 568 2679 consideratos
596 2643 715 2677 fuisse
742 2644 857 2685 patet.

243 2704 276 2747 ’ἢ
301 2705 394 2745 Quae
431 2704 503 2737 sub
542 2702 696 2737 nomine
735 2701 942 2736 CALLOPH.
968 2700 1178 2733 JAPONIGA
1209 2696 1396 2732 Olcamura
1429 2695 1672 2729 distributam

99 2765 214 2797 habui
255 2765 435 2807 plantam,
476 2763 569 2796 mihi
609 2773 686 2795 non
724 2761 777 2794 ita
814 2760 928 2793 hodie
965 2758 1155 2801 cognitam
1194 2760 1237 2790 ut
1271 2755 1492 2799 opinionem
1524 2754 1571 2788 de
1601 2754 1672 2788 hac

100 2824 221 2856 fornia
261 2823 458 2856 enuntiare
497 2822 692 2861 auderem;
732 2820 882 2863 qualem
916 2818 993 2852 vidi
1031 2817 1190 2851 eandem
1217 2815 1309 2850 Gall.
1337 2814 1524 2848 laciniatae
1550 2812 1673 2856 proxi-

100 2893 199 2915 mam
229 2883 430 2915 crederem.
