1779 3068
108 103 190 144 108
741 100 1047 143 DASYPHLEAE.

103 224 233 275 typos
281 219 465 261 omnino
515 218 726 269 diversos,
776 218 821 260 id
863 233 952 261 non
993 221 1119 275 potui
1158 221 1269 276 quin
1302 222 1434 265 hodie
1467 222 1676 266 lubenter

103 304 283 345 quoque
318 289 563 331 confiterer.

244 361 411 403 Praeter
458 360 749 412 differentias,
800 366 896 403 tum
946 362 991 403 in
1041 367 1264 406 structura
1311 365 1485 407 frondis
1530 366 1675 409 obser-

102 436 242 481 vatas,
293 436 391 473 tum
434 432 479 473 in
519 432 722 487 partibus
755 433 1002 475 fructiferis
1036 435 1304 490 suppositas,
1340 450 1520 492 quoque
1553 437 1674 480 diffe-

101 503 268 545 rentias
300 503 552 545 habituales
586 503 798 546 obvenire
830 504 947 546 inter
986 504 1164 559 Species
1198 520 1310 561 quas
1344 507 1435 550 suis
1469 508 1675 551 iconibus
1712 528 1715 534 ¹

101 574 344 616 illustratas
393 574 634 617 voluerunt
681 575 926 630 Montagne
975 581 1017 618 et
1065 577 1262 633 Harvey,
1313 593 1494 634 quoque
1541 579 1675 622 hodie

102 645 361 687 meminisse
404 645 560 701 placet.
626 646 817 695 Qualem
859 661 988 688 suam
1022 647 1227 703 Speciem
1261 648 1484 705 depictam
1518 665 1675 707 propo-

102 716 191 759 suit
232 717 489 772 Montagne,
532 717 739 759 frondem
779 718 917 773 hujus
950 723 1131 774 putares
1164 720 1490 772 tenuissimam,
1525 736 1675 765 ramos

101 788 357 830 conformes
390 788 712 831 adscendentes
746 789 914 831 sensim
947 790 1042 832 sine
1075 790 1231 833 ordine
1258 796 1554 847 separantem,
1581 794 1674 836 suis

101 859 305 914 apicibus
347 860 623 902 tenuissimis
665 861 795 915 quasi
836 874 1015 903 sursum
1050 863 1434 906 evanescentibus.
1500 864 1552 906 In
1584 864 1673 907 Ico-

100 930 235 972 nibus
269 945 373 973 vero
407 931 616 985 Dasyphl.
652 931 917 974 Tasmanicce
949 946 974 974 a
1007 932 1192 988 Harvey
1225 933 1354 985 datis,
1387 938 1527 976 totam
1552 935 1674 990 plan—

101 1006 191 1043 tam
241 1006 422 1057 putares
471 1002 727 1053 firmiorem,
772 1003 955 1059 suisque
998 1005 1135 1046 ramis
1169 1005 1299 1060 quasi
1332 1003 1674 1049 lateraliter'de·

102 1075 612 1129 composito-ramosam;
663 1075 774 1129 quin
813 1076 953 1116 immo
987 1076 1133 1130 ipsam
1168 1076 1468 1119 substantiam
1502 1078 1674 1120 frondis

101 1146 231 1201 quasi
291 1146 979 1202 subgelatinoso-cartilagineam
1040 1147 1218 1190 facilius
1279 1149 1380 1204 quis
1433 1149 1671 1204 putaverit.

102 1217 294 1272 Quoque
343 1218 608 1273 Harveyum
659 1219 728 1260 his
776 1219 1080 1261 habitualibus
1124 1220 1240 1261 notis
1273 1220 1408 1262 fidem
1443 1221 1671 1276 quandam

102 1288 289 1339 dedisse,
333 1304 387 1331 ex
430 1304 481 1332 eo
516 1295 665 1346 patere
699 1296 919 1346 putarem,
955 1290 1074 1345 quod
1109 1305 1239 1332 suam
1271 1291 1472 1346 plantam
1506 1292 1673 1348 judica-

100 1360 214 1402 verit
247 1361 400 1403 sistere
434 1361 635 1416 Speciem
671 1376 697 1404 a
730 1363 880 1417 typica
913 1363 1067 1417 planta
1100 1362 1287 1404 Generis
1322 1362 1580 1419 Montagnei
1613 1363 1671 1405 di-

100 1445 289 1474 versam.
356 1432 645 1488 Quamquam
696 1433 791 1488 ipse
839 1437 993 1488 postea
1036 1432 1157 1475 haud
1191 1447 1335 1489 pauca
1367 1433 1504 1475 habui
1539 1434 1674 1490 speci·

100 1502 223 1544 mina
257 1503 396 1546 Novae
431 1504 685 1546 Hollandiae
719 1519 819 1546 cum
855 1504 1060 1546 iconibus
1095 1504 1380 1560 Harveyanis
1409 1519 1501 1547 suae
1535 1505 1672 1562 Dasy—

100 1574 245 1631 phleae
278 1575 557 1617 Tasmanicae
591 1576 896 1630 congruentia,
934 1590 1003 1617 me
1037 1580 1189 1618 tamen
1223 1575 1299 1618 diu
1333 1576 1508 1618 nullum
1533 1577 1672 1620 habu-

100 1646 199 1693 isse,
236 1645 355 1700 quod
391 1660 479 1686 non
515 1646 684 1700 optime
717 1660 962 1700 congruere
996 1646 1190 1688 dicerem
1214 1661 1315 1689 cum
1340 1647 1672 1690 characteribus

100 1731 126 1759 a
160 1717 344 1771 Harvey
377 1731 468 1758 sure
503 1716 674 1771 Speciei
708 1716 836 1758 datis.
899 1717 1092 1759 Demum
1127 1732 1231 1759 vero
1266 1718 1363 1773 (sub
1397 1718 1481 1760 hoc
1513 1718 1671 1762 ultimo

99 1789 312 1843 tempore)
348 1788 458 1829 mihi
492 1789 731 1844 contigisse
765 1789 1013 1844 specimina
1046 1804 1189 1844 pauca
1222 1804 1481 1845 comparare
1505 1791 1671 1846 plantae

99 1860 239 1902 Novae
274 1859 543 1909 Hollandiae,
579 1874 679 1914 quae
713 1861 805 1902 suis
828 1860 1134 1902 habitualibus
1158 1861 1274 1903 notis
1297 1875 1399 1903 cum
1425 1863 1670 1917 specimine

99 1945 123 1973 a
158 1931 429 1985 Montagneo
463 1930 638 1986 depicto
672 1932 734 1973 ita
766 1931 1006 1974 convenire
1042 1932 1150 1973 mihi
1184 1932 1503 1987 adpetiverunt,
1539 1939 1587 1975 ut
1616 1933 1671 1975 de

99 2003 330 2045 identitate
363 2003 599 2058 utriusque
632 2003 796 2058 plantae
825 2003 948 2044 nulla
972 2003 1108 2045 (lubia
1132 2004 1241 2044 mihi
1264 2009 1430 2046 restare
1455 2004 1669 2056 dicerem;

101 2075 211 2115 mihi
236 2088 340 2116 vero
365 2074 449 2115 hoc
472 2074 698 2129 specimen
722 2074 971 2119 accuratius
990 2075 1280 2125 examinanti,
1301 2089 1381 2117 nec
1400 2080 1669 2118 structuram

99 2146 217 2187 illam
255 2144 429 2186 frondis
463 2145 697 2192 interioris,
733 2159 868 2200 quam
903 2145 950 2186 in
984 2146 1110 2187 icone
1138 2160 1219 2187 sua
1243 2146 1388 2200 pinxit
1412 2146 1667 2202 Montagne,

99 2221 141 2259 et
164 2231 253 2271 qua
277 2216 467 2258 ducente
493 2230 561 2258 mc
585 2217 783 2272 plantam
810 2217 1067 2272 Montagnei
1092 2231 1193 2259 cum
1224 2218 1532 2272 Ohrysysmenia
1555 2232 1670 2260 com-

98 2287 346 2343 parandam
373 2288 679 2342 supposuisse;
706 2292 904 2330 attamen
928 2288 974 2329 in
998 2288 1067 2330 his
1091 2289 1413 2343 speciminibus
1438 2303 1508 2330 me
1527 2288 1671 2331 obser-

98 2373 226 2402 vasse
260 2373 404 2414 pauca
437 2359 645 2414 quaedam
680 2360 1062 2415 cystocarpiorum
1101 2360 1240 2409 initia,
1275 2365 1473 2402 attamen
1507 2375 1669 2415 parum

99 2431 353 2486 conspicua,
373 2430 418 2470 in
444 2430 609 2485 quibus
633 2435 901 2472 structuram
923 2431 1188 2486 cystocarpii
1207 2431 1459 2472 inchoantis
1479 2431 1674 2473 eandem

98 2515 414 2556 recognoscere
457 2501 637 2551 credidi,
680 2515 817 2557 quam
861 2502 1094 2557 descripsit
1140 2501 1323 2557 Harvey
1365 2515 1458 2544 suae
1497 2501 1669 2557 Speciei

98 2572 368 2628 Dasyphleae
401 2572 679 2615 Tasmanicae
713 2573 1132 2623 characteristicam,
1168 2587 1447 2628 quamquam
1480 2574 1667 2615 unicum

98 2648 274 2685 tantum
318 2643 540 2699 ejusmodi
582 2644 837 2686 nucleolum
871 2644 1218 2700 gemmidiorum
1253 2645 1561 2686 inchoantium
1596 2658 1668 2686 me

98 2714 215 2755 intra
247 2715 575 2769 cystocarpium
611 2729 636 2756 a
669 2729 739 2756 me
772 2714 1058 2757 observatum
1094 2715 1248 2757 adesse
1282 2715 1496 2757 confiteor
1514 2714 1566 2771 ⁴⁶)

241 2809 272 2851 ³²)
298 2810 470 2843 Plantam
499 2811 847 2854 cystrmarpiiseram
884 2810 1098 2856 Dasyphleoe
1121 2811 1361 2854 Tasmanicoe,
1393 2812 1541 2854 qualem
1570 2812 1668 2845 hanc

97 2879 119 2900 a
146 2869 298 2912 Harvey
326 2870 464 2903 eximie
491 2871 679 2913 depictam
708 2871 895 2912 novimus,
924 2874 1003 2904 tum
1031 2882 1100 2905 sua
1123 2874 1313 2905 structura
1330 2871 1486 2913 frondis,
1505 2871 1669 2913 siphone
