1779 3068
1637 56 1654 64 -r

689 54 1062 96 CALLOPHYLLIS.
1609 58 1661 97 lo
1681 84 1684 89 Α

92 172 298 214 sisterent
344 173 546 228 plantam
594 172 823 227 quandam
868 173 936 214 sui
980 172 1093 227 juris
1126 172 1368 228 propriam,
1403 187 1484 215 nec
1517 173 1660 216 stadia

92 246 169 284 aut
216 242 518 286 evolutionem
566 243 710 298 magis
758 247 1057 285 monstrosam
1104 243 1321 299 partium,
1372 258 1473 299 quae
1526 244 1658 287 Callo-

83 312 274 367 phyllida
305 313 519 356 laciniam
551 326 706 355 revera
738 312 1024 367 pertinentes,
1054 313 1229 356 facilius
1253 313 1353 369 quis
1375 314 1657 370 judicaverit.

91 384 184 427 Sub
229 384 413 426 nomine
452 384 667 426 nimirum
701 384 1013 426 CALLOOOLAX
1048 399 1328 427 NEGLECTUM
1364 386 1501 428 Schm.
1538 386 1659 441 plan-

89 460 183 498 tam
230 455 380 505 habui,
430 455 542 496 mihi
590 469 644 497 ex
691 455 855 510 Anglia
903 455 1098 505 missam,
1148 456 1195 497 in
1244 470 1333 510 qua
1376 462 1454 498 aut
1486 456 1658 499 GALLO-

89 541 365 568 PHYLLIDEM
410 541 750 568 FLABELLATAM
799 526 981 577 Groucm,
1031 531 1109 568 aut
1157 526 1294 568 CALL.
1343 542 1654 579 LAOINIATAM,

88 600 339 639 monstroso
373 596 568 652 quodam
602 597 736 638 modo
770 598 1010 647 evolutam,
1045 598 1451 653 recognoscendam
1479 612 1574 640 esse
1598 599 1658 640 fa-

88 668 216 710 cilius
261 668 360 723 quis
402 667 654 722 conjecerit.
719 667 772 708 In
811 668 1034 722 ejusmodi
1068 668 1402 724 speciminibus,
1440 669 1657 711 nimirum

88 751 143 780 ex
167 738 330 794 Anglia
352 738 736 794 provenientibus,
757 739 848 781 vidi
871 744 967 781 tum
986 754 1012 781 a
1034 740 1200 795 pagina
1222 740 1396 783 frondis
1420 740 1656 788 inferioris,

86 812 184 851 tum
216 824 242 852 a
273 810 475 865 margine
522 809 755 851 frondium
804 810 1040 852 fruticulos
1088 811 1415 854 minutissimos
1457 812 1552 854 sine
1590 826 1654 854 or-

87 879 190 922 dine
238 880 351 922 bene
398 880 640 936 conspicuo
689 880 1021 935 provenientes:
1073 881 1245 937 stipites
1290 882 1452 924 horum
1494 882 1656 925 brevis-

86 951 234 1001 simos,
283 950 331 992 in
378 950 552 993 clavam
601 955 679 992 aut
722 949 996 993 lamellulam
1044 966 1164 994 nunc
1198 951 1551 1007 decompositam
1585 953 1655 995 ab-

85 1025 242 1063 euntes
285 1022 449 1063 secanti
493 1021 604 1063 mihi
636 1025 734 1063 tum
768 1026 1040 1064 structuram
1073 1023 1262 1074 frondis,
1297 1027 1392 1065 tum
1426 1024 1654 1066 nucleolos

84 1092 466 1147 cystocarpiorum
508 1092 845 1134 submonstrose
889 1092 1091 1135 evolutos
1136 1092 1477 1149 Callophyllidis
1510 1108 1656 1149 recog-

83 1177 266 1206 noscere
298 1163 472 1219 putavi;
508 1163 778 1218 eosdemque
811 1178 912 1205 cum
949 1164 1142 1206 crenulis
1174 1165 1433 1207 lateralibus
1457 1164 1502 1207 C.
1529 1180 1654 1207 LACI-

84 1249 258 1284 NIATAE,
313 1248 425 1289 quas
477 1233 598 1290 ipsas
651 1248 831 1289 quoque
889 1235 1289 1290 prolificationibus
1344 1236 1653 1279 consimilibus

84 1305 403 1361 multiplicatas
436 1320 557 1348 nunc
590 1305 697 1357 vidi,
731 1306 1013 1360 comparanti
1053 1306 1176 1357 mihi,
1213 1306 1547 1361 conjiciendum
1582 1307 1678 1349 ads

82 1376 284 1432 paruisse
331 1377 555 1427 confiteor,
602 1391 758 1419 omnes
802 1391 896 1419 esse
935 1377 1139 1433 ejusdem
1172 1377 1337 1433 plantae
1369 1382 1530 1434 partes,
1566 1378 1652 1421 alio

82 1448 216 1490 modo
263 1447 461 1503 quodam
509 1448 737 1504 paulisper
786 1452 997 1491 mutatas:
1048 1449 1229 1491 cellulas
1278 1450 1472 1505 majores
1512 1450 1650 1492 Callo-

82 1518 295 1574 phyllidis
341 1532 502 1574 parum
553 1518 754 1561 evolutas
802 1519 1038 1562 observare
1087 1519 1267 1571 credidi,
1323 1519 1432 1562 dum
1481 1520 1651 1563 cellulis

79 1589 420 1632 intercalaribus
468 1589 908 1632 anastomosantibus
962 1594 1104 1632 totum
1152 1591 1244 1633 fere
1292 1591 1479 1634 interius
1527 1605 1651 1634 occu-

81 1664 237 1716 patum
279 1660 515 1703 observare
553 1660 745 1712 credidi;
786 1660 870 1703 filis
904 1661 966 1703 ita
999 1661 1141 1716 magis
1174 1661 1433 1703 immediate
1465 1661 1512 1703 in
1546 1666 1651 1705 stra-

78 1736 176 1775 tum
225 1732 418 1775 exterius
465 1731 750 1775 abeuntibus.
815 1732 867 1774 In
915 1732 1145 1774 nonnullis
1191 1732 1414 1788 ejusmodi
1446 1734 1651 1788 partibus

79 1803 305 1846 nucleolos
346 1802 686 1859 Callophyllidis
732 1817 913 1859 quoque
950 1803 1334 1859 recognoscendos
1368 1819 1463 1847 esse
1496 1805 1649 1847 forsan

80 1875 304 1931 quispiam
352 1874 570 1925 crederet;
620 1880 665 1916 at
711 1879 809 1917 tum
858 1875 1009 1930 quoad
1051 1879 1335 1926 structuram,
1370 1878 1466 1917 tum
1501 1876 1649 1931 quoad

80 1945 419 2001 dispositionem
461 1945 563 2000 plus
608 1945 758 1987 minus
796 1949 1004 1988 mutatos.
1040 1972 1098 1976 —
1129 1946 1311 1988 Plantas
1344 1946 1406 1988 ita
1439 1950 1672 1998 mutatas„

78 2016 261 2058 nomine
300 2016 541 2058 Callocolaoe
570 2017 798 2069 neylectmn
832 2016 968 2059 Schm.
994 2016 1244 2072 inscriptas,
1270 2016 1382 2058 mihi
1406 2031 1461 2058 ex
1484 2016 1648 2072 Anglia

78 2086 237 2130 missas
285 2086 441 2137 habui;
492 2086 579 2128 alia
620 2086 877 2142 Specimina
909 2087 1108 2137 Generis,
1144 2086 1265 2142 quod
1298 2086 1431 2129 hodie
1464 2087 1673 2129 nomine-

83 2157 395 2201 Choreoeolacis
426 2156 703 2207 describitur,
738 2171 810 2199 me
843 2171 934 2199 non
966 2157 1144 2207 vidisse,
1180 2157 1345 2199 dixisse
1378 2157 1534 2212 placet.

221 2227 417 2282 Species,
467 2241 579 2282 quas
632 2227 797 2269 Generi
849 2227 1188 2282 Callophyllidis
1241 2228 1323 2269 rite
1371 2226 1671 2283 pertinentes

77 2298 246 2354 putavi,
280 2297 413 2340 hodie
447 2298 651 2353 sequenti
685 2297 818 2340 modo
852 2297 1156 2353 disponendas
1190 2298 1430 2340 voluerim:

421 2451 449 2504 †
486 2449 772 2511 Cystocarpiis
812 2450 861 2492 in
900 2450 998 2505 ipsa
1029 2451 1189 2505 fronde
1220 2451 1295 2493 vix
1326 2450 1451 2493 aliter
1482 2455 1646 2493 mutata

481 2521 666 2572 evolutis,
698 2521 790 2563 sine
822 2521 967 2563 ordine
1000 2522 1097 2563 bene
1128 2521 1312 2563 evidente
1342 2521 1517 2575 sparsis.

719 2620 742 2644 '¹‘
776 2621 1022 2664 Frondibns
1079 2621 1356 2676 complanatis
1409 2621 1645 2666 subdecum-

776 2692 976 2734 bentibus.

110 2795 145 2836 1.
220 2793 328 2835 CAL.
363 2807 640 2835 DECUMBENS
673 2793 717 2836 J.
753 2792 833 2847 Ay.
