1779 3068
114 884 163 917 II.

94 1060 162 1094 ΙΙΙ.

94 1119 159 1152 IV.

97 1414 162 1447 VI.

84 1532 166 1565 VII.

59 1650 166 1684 VIII.

99 1828 166 1860 IX.

102 2005 168 2037 XI.

82 2123 169 2155 XII.

673 560 1008 605 Contentum.

212 706 267 739 De
303 704 511 748 principiis,
543 703 680 745 quibus
716 702 892 735 insistere
927 704 1143 744 opporteret
1173 702 1213 735 in
1240 702 1491 735 affinitatibus

165 811 171 817 ὴ
213 764 470 798 Floridearum
499 761 770 805 dijudicandis;
800 763 838 794 et
855 761 993 803 quibus
1013 761 1083 794 rite
1101 760 1359 803 interpretatis
1378 764 1494 804 syste·

214 823 390 856 maticam
406 821 695 865 dispositionem
711 823 855 853 naturae
871 822 1165 853 consentaneam
1182 819 1267 852 oriri
1282 819 1493 862 putaverim

214 883 269 916 De
294 881 545 925 dispositione
572 879 789 923 Specierum
817 878 976 912 Generis
1009 877 1280 922 Gallophyllidis
1306 889 1493 912 commen-

213 941 309 975 taria
343 951 457 979 nova;
489 943 575 978 ‚tum
611 939 658 972 de
693 941 883 972 structura
913 940 950 971 et
974 937 1161 970 limitibus
1189 937 1347 970 Generis
1375 947 1495 980 pauca

215 1000 431 1033 adnotanda
471 1022 1495 1033 ..................

213 1060 268 1092 De
295 1058 442 1092 Genere
468 1056 720 1097 illico-ocoeliae,
747 1060 785 1090 et
811 1055 942 1099 Specie
969 1055 1141 1098 ejusdem
1168 1056 1368 1098 supposita
1429 1083 1434 1089 .
1489 1083 1494 1088 .

210 1115 265 1151 De
292 1117 497 1161 Speciebus
521 1114 681 1159 Gampioe
700 1115 858 1149 Generis
878 1115 994 1158 probe
1015 1114 1282 1157 dignoscendis
1308 1114 1496 1148 monitum

213 1178 267 1211 De
299 1174 529 1219 Glzsyloclaclia
548 1174 811 1218 (Endoclictyo)
834 1175 998 1208 catenata
1025 1174 1145 1214 Auct.,
1166 1173 1336 1217 Speciem
1363 1173 1496 1216 Ohylo-

214 1236 344 1270 cladiae
379 1235 538 1269 Generis
574 1234 668 1267 mihi
704 1244 843 1267 novam
878 1233 1145 1275 constituente,
1177 1232 1268 1266 olim
1295 1244 1316 1265 a
1343 1233 1496 1275 Harvey

214 1296 344 1328 forsan
370 1294 442 1328 sub
468 1295 622 1327 nomine
648 1291 894 1327 Lomentarioe
920 1293 1095 1326 catenatae
1120 1291 1362 1334 descriptam,
1383 1291 1496 1324 hodie

217 1354 289 1388 sub
316 1354 416 1387 dicto
443 1353 597 1386 nomine
623 1352 817 1394 divulgata
833 1376 1495 1385 ............

213 1414 268 1446 De
305 1412 509 1455 Speciebus
546 1410 765 1445 Gmcilariae
800 1410 1072 1444 commentaria
1106 1420 1216 1452 nova,
1247 1409 1496 1452 dispositione

217 1472 433 1515 Specierum
460 1474 605 1504 naturae
631 1474 925 1504 consentaneam
953 1469 1166 1512 spectantia
1193 1495 1496 1501 ......

219 1532 274 1578 De
300 1531 447 1564 Formis
474 1530 714 1572 quibusdam,
742 1528 836 1562 mihi
862 1529 984 1569 novis,
1013 1528 1152 1562 Generi
1182 1527 1347 1561 Curdieoe
1373 1527 1496 1568 hodie,

216 1593 259 1624 ut
282 1593 468 1632 putarem,
495 1589 790 1623 adnumerandis
834 1614 1497 1621 ............

217 1650 272 1682 De
297 1652 487 1682 structura
513 1652 550 1682 et
575 1648 763 1681 affinitate
790 1647 1016 1690 plantarum,
1044 1657 1127 1688 quae
1152 1649 1234 1679 tum
1253 1647 1324 1679 sub
1343 1645 1498 1679 nomine

217 1707 446 1752 Dasyphleoe,
488 1710 570 1741 tum
612 1710 655 1740 ut
697 1707 826 1740 Genus
867 1706 1061 1749 proprium
1100 1704 1327 1748 Nizzoplzleoe
1365 1705 1499 1739 consti-

218 1770 369 1801 tuentes
397 1769 655 1800 memorantur
716 1792 960 1798 .....
967 1782 971 1784 -
1015 1791 1497 1797 .........

218 1828 273 1860 De
300 1825 522 1870 Emloqenia,
550 1826 698 1859 Genere
725 1835 835 1866 novo,
863 1835 885 1858 a
910 1835 971 1857 me
998 1824 1199 1867 descripto,
1224 1827 1263 1857 at
1280 1824 1404 1866 quoad
1423 1824 1500 1857 affi-

218 1885 357 1919 nitates
384 1885 510 1927 dubio,
538 1884 811 1919 commentaria
836 1894 936 1918 nova
956 1910 1498 1916 ..........

222 1944 400 1989 Husseya,
428 1944 521 1978 Gen.
550 1955 634 1978 nov.
664 1943 965 1978 Chondriearum
1016 1969 1499 1975 .........

220 2003 499 2048 asieroyonyrus
534 2003 580 2047 (J.
608 2004 675 2046 Ag.
704 2001 827 2044 mscr.)
866 2012 964 2035 anne
1004 2001 1133 2035 Genus
1172 2002 1231 2035 sui
1269 2001 1364 2044 juris
1403 2002 1502 2035 inter

220 2062 526 2106 Rhodymenieas
553 2061 831 2095 instituendum
896 2087 1499 2093 ...........

221 2122 276 2156 De
315 2122 519 2165 Speciebus
558 2121 786 2164 quibusdam
826 2120 1083 2153 Floridearum
1121 2119 1234 2153 hodie
1268 2119 1365 2152 male
1391 2119 1501 2152 inter-

221 2182 378 2224 pretatis
423 2205 1501 2214 ...................

221 2240 371 2273 Indices
399 2240 590 2273 Generum
617 2242 655 2272 et
681 2238 910 2281 Specierum,
938 2248 1020 2280 quae
1048 2238 1119 2271 hoc
1142 2238 1224 2271 loco
1243 2241 1503 2271 memorantur

1543 659 1623 696 Pag.

1572 995 1627 1029 14.

1571 1055 1626 1089 23.

1571 1113 1626 1148 25.

1571 1349 1627 1383 29.

1571 1468 1628 1502 32.

1551 1585 1628 1620 103.

1552 1764 1629 1798 106.

1553 1882 1630 1915 115.

1552 1941 1630 1975 123.

1554 2059 1631 2093 128.

1554 2176 1631 2210 129.

1554 2236 1631 2270 133.
