1779 3068
93 114 95 116 ’
112 106 171 146 26
779 102 1023 145 CHAMPIAE.

112 235 279 264 novam
313 220 518 276 Speciem
552 220 662 261 mihi
695 220 828 262 hodie
861 221 1089 276 cognitam
1122 221 1329 274 dicerem,
1364 237 1502 278 quam
1534 222 1684 266 Cham-

103 293 227 347 piam
261 292 603 334 circumcinctam
634 290 740 343 dixi,
776 291 906 347 cujus
939 292 1120 334 cellulas
1154 293 1382 336 corticales
1417 293 1508 336 vidi
1540 294 1685 349 magis

112 362 375 404 rotundatas
409 366 451 405 et
484 361 772 417 majusculas,
807 366 852 405 at
884 362 965 405 has
998 363 1165 406 cinctas
1200 364 1311 406 serie
1341 364 1534 419 simplici
1556 364 1684 406 cellu-

112 434 257 475 larum
302 433 541 485 minomm,
586 432 743 475 eodem
786 432 954 475 diceres
993 433 1127 476 modo
1160 448 1249 490 quo
1282 435 1329 476 in
1360 434 1685 477 Rhodomeniis

110 504 342 546 nonnullis
375 504 682 558 (Diplocystide
713 504 760 546 in
793 504 924 547 Amal.
949 505 1045 548 HI.
1063 520 1109 559 p.
1137 506 1212 560 92)
1245 505 1426 548 cellulas
1453 506 1686 548 interiores

106 589 302 631 vmagnas
335 575 469 617 unica
503 575 624 617 Serie
657 575 826 617 cinctos
860 575 1116 627 obse1·vavi;
1163 590 1302 631 quam
1335 581 1606 619 structuram
1639 577 1686 618 in

115 646 234 688 dicta
276 646 433 702 Specie
475 646 707 701 Champiae
741 646 918 689 facilius
952 646 1053 702 quis
1086 646 1249 706 dixerit
1279 651 1438 703 typum
1473 647 1558 690 sibi
1590 662 1686 703 pro-

108 718 259 773 priam
292 717 503 768 indicare,
539 717 633 759 fere
667 717 952 759 Genericum.

258 788 390 838 Quod
423 802 528 831 vero
557 792 767 830 caeterum
792 788 1132 844 dispositionem
1157 789 1416 844 Specierum
1441 804 1687 846 earumque

112 860 342 916 proximas
391 860 636 902 affinitates
684 860 845 902 attinet
885 859 933 901 in
972 859 1216 916 Champiis,
1250 860 1517 916 primarium
1551 875 1686 915 quen-

91 931 216 973 -dam
251 932 554 974 characterem
588 930 795 973 lubenter
828 930 1117 974 attribuerem
1153 932 1309 974 formae
1333 932 1474 987 ipsius
1497 931 1684 982 frondis,

113 1017 250 1058 quam
283 1003 329 1044 in
364 1002 461 1044 aliis
494 1006 679 1044 teretem
711 1002 804 1044 fere
838 1002 1046 1052 dicerem,
1081 1002 1128 1044 in
1161 1002 1259 1045 aliis
1292 1002 1393 1058 plus
1426 1003 1577 1045 minus
1601 1003 1688 1046 evi-

91 1074 269 1116 ·denter
317 1087 634 1129 compressam,
686 1078 840 1129 utpote
882 1088 938 1116 ex
979 1074 1062 1116 hac
1096 1073 1353 1117 diversitate
1386 1078 1525 1116 totam
1559 1074 1687 1116 rami-

113 1145 334 1188 ficationis
379 1159 585 1186 normam
631 1159 712 1186 suo
756 1145 888 1186 modo
929 1145 1124 1200 pendere
1156 1145 1363 1188 lubenter
1395 1160 1684 1188 assumerem.

113 1217 175 1260 Ut
206 1217 344 1272 igitur
375 1217 421 1258 in
461 1216 674 1270 Champia
698 1217 889 1270 parvula
922 1217 1082 1269 (Harv.
1117 1217 1246 1271 Phyc.
1282 1217 1397 1259 Brit.
1432 1218 1514 1259 tab.
1545 1217 1687 1270 CCX)

92 1295 156 1332 vet
193 1288 265 1331 Oh.
302 1288 434 1344 affini
459 1287 623 1341 (Harl).
659 1288 763 1328 Ner.
798 1287 948 1329 Austr.
984 1289 1064 1329 tab.
1105 1288 1300 1339 XXIX)
1339 1288 1548 1330 frondem
1581 1292 1686 1330 tere—

110 1359 351 1403 tiusculam
386 1358 479 1401 vidi
512 1358 801 1413 conjunctam
836 1372 940 1400 cum
973 1358 1310 1402 ramificationis
1344 1373 1514 1409 norma,
1549 1373 1687 1414 quam

92 1444 480 1487 quoquoversum
527 1430 622 1471 fere
670 1443 798 1485 aeque
838 1430 1140 1485 irregulariter
1182 1444 1429 1485 expansam
1469 1430 1685 1482 dicerem3

113 1504 175 1545 ita
219 1503 265 1544 in
306 1501 550 1557 Speciebus
583 1501 693 1551 aliis,
728 1501 876 1543 forma
909 1501 1081 1543 frondis
1114 1501 1215 1557 plus
1249 1502 1399 1544 minus
1432 1516 1688 1556 compressa

92 1572 444 1629 ⁴dignoscendis,
489 1572 825 1614 ramificationis
867 1587 1075 1614 normam
1119 1573 1220 1628 plus
1265 1573 1416 1615 minus
1458 1572 1688 1615 evidenter

113 1646 349 1702 pinnatam
399 1643 712 1694 describerem,
762 1644 900 1686 ramis
948 1658 974 1686 a
1021 1644 1302 1700 marginibus
1351 1643 1524 1686 frondis
1572 1658 1687 1686 com-

110 1730 277 1773 vpressa}
326 1714 671 1771 egredientibus,
722 1718 765 1757 et
807 1715 875 1757 his
921 1730 1038 1770 saepe
1070 1715 1262 1771 geminis
1295 1715 1525 1771 oppositis,
1559 1716 1688 1758 rami-

113 1787 333 1830 ficationis
386 1800 595 1828 normam
648 1786 778 1841 quasi
832 1786 915 1828 sibi
969 1787 1199 1842 propriam
1252 1786 1313 1829 ita
1367 1786 1684 1830 indicantibus.

113 1859 264 1915 Typos
296 1858 501 1913 geminos
534 1857 664 1912 quasi
696 1857 897 1900 diversos
930 1858 1013 1900 hoc
1036 1857 1169 1900 modo
1192 1858 1240 1899 in
1264 1857 1507 1913 Speciebus
1530 1857 1688 1900 Cham—

113 1931 199 1987 piae
233 1928 560 1984 dignoscendos
594 1942 702 1978 esse,
738 1942 851 1983 quos
885 1943 1065 1984 quoque
1097 1929 1145 1970 in
1178 1929 1276 1971 aliis
1300 1928 1542 1984 Speciebus
1565 1943 1687 1972 nunc

114 2001 257 2057 magis
305 2000 527 2042 obsoletos
574 1999 670 2055 (Ch.
707 2001 883 2043 obsoleta
930 2000 1087 2055 Harv.)
1134 2014 1257 2042 nunc
1305 2014 1443 2055 quam
1492 2001 1687 2043 maxime

94 2072 380 2128 vconspicuos
413 2071 460 2113 in
497 2071 677 2125 Ghamp.
714 2071 1048 2115 Salicornioides
1079 2072 1238 2125 (Harv.
1275 2073 1378 2114 Ner.
1413 2071 1517 2114 Bor.
1542 2072 1685 2114 Amer.

94 2146 195 2187 rab.
237 2144 381 2193 XIX)
429 2142 652 2184 exhibitos
701 2142 868 2193 videas,
918 2156 1197 2198 quamquam
1243 2147 1506 2186 conservata
1537 2143 1584 2184 in
1617 2143 1687 2185 his

114 2216 260 2257 forma
281 2214 456 2256 frondis
481 2214 562 2256 rite
585 2213 892 2265 teretiuscula;
926 2214 1035 2256 dum
1058 2214 1103 2255 in
1129 2213 1371 2269 Speciebus
1394 2213 1505 2264 aliis,
1529 2214 1688 2256 fronde

114 2286 259 2341 magis
293 2284 523 2328 evidenter
555 2299 811 2341 compressa
843 2285 1085 2336 instructis,
1118 2285 1186 2326 hae
1215 2285 1394 2340 Species
1415 2289 1687 2340 generantur

112 2356 437 2400 ramifioatione
485 2371 565 2398 sua
615 2356 751 2411 probe
799 2356 1003 2406 disticha,
1053 2357 1280 2412 ramisque
1329 2356 1421 2398 suis
1469 2355 1687 2412 oppositis

114 2454 170 2459 —
203 2428 464 2483 adspectum
501 2428 644 2482 magis
678 2427 919 2483 pinnatum
953 2427 1037 2470 sibi
1071 2427 1405 2471 vindicantibus
1428 2453 1485 2457 —
1513 2427 1687 2483 dignos-

95 2499 268 2542 cendae
302 2498 574 2542 viderentur.

257 2570 424 2612 Praeter
472 2570 651 2626 Species
699 2571 745 2612 in
788 2570 985 2624 Epicrisz'
1021 2570 1105 2612 sub
1137 2569 1222 2612 n:is
1260 2570 1371 2611 1-5
1404 2572 1686 2611 enumeratas

114 2646 270 2696 postea
313 2640 452 2683 habui
496 2642 714 2696 Speciem,
757 2641 870 2683 mihi
902 2656 928 2683 a
961 2641 1077 2683 D2na
1110 2640 1291 2696 Hussey
1323 2640 1522 2690 missam,
1556 2653 1582 2681 a
1615 2652 1686 2681 me

114 2712 298 2754 nomine
352 2712 426 2754 Ch.
467 2712 731 2755 verticillatoe
778 2712 1053 2768 insignitam,
1104 2725 1185 2754 sua
1231 2712 1374 2753 forma
1423 2710 1596 2753 frondis
1644 2713 1687 2751 et

116 2783 452 2825 ramificationis
486 2797 645 2825 norma
677 2783 733 2825 ad
762 2783 879 2825 hanc
902 2782 1153 2825 Sectionem
1178 2782 1365 2825 Generis
1388 2780 1684 2831 referendam,

98 2867 251 2908 >quam
289 2868 392 2896 vero
427 2854 519 2896 suis
552 2854 687 2896 ramis
720 2854 945 2909 primariis
972 2854 1115 2909 magis
1139 2852 1436 2897 verticillatim
1460 2851 1685 2907 dispositis
