<?xml version="1.0" encoding="UTF-8"?>
<!DOCTYPE html PUBLIC "-//W3C//DTD XHTML 1.0 Transitional//EN"
    "http://www.w3.org/TR/xhtml1/DTD/xhtml1-transitional.dtd">
<html xmlns="http://www.w3.org/1999/xhtml" xml:lang="en" lang="en">
 <head>
  <title>
</title>
<meta http-equiv="Content-Type" content="text/html;charset=utf-8" />
  <meta name='ocr-system' content='tesseract 3.04.00' />
  <meta name='ocr-capabilities' content='ocr_page ocr_carea ocr_par ocr_line ocrx_word'/>
</head>
<body>
  <div class='ocr_page' id='page_1' title='image "./speciesgeneraeto0304agar_0094.png"; bbox 0 0 1779 3068; ppageno 0'>
   <div class='ocr_carea' id='block_1_1' title="bbox 88 94 1031 140">
    <p class='ocr_par' dir='ltr' id='par_1_1' title="bbox 88 94 1031 140">
     <span class='ocr_line' id='line_1_1' title="bbox 88 94 1031 140; baseline -0.007 0"><span class='ocrx_word' id='word_1_1' title='bbox 88 100 144 140; x_wconf 74' lang='lat'><strong><em>80</em></strong></span> <span class='ocrx_word' id='word_1_2' title='bbox 711 94 1031 135; x_wconf 74' lang='lat' dir='ltr'>GRACILARIAE.</span> 
     </span>
    </p>
   </div>
   <div class='ocr_carea' id='block_1_2' title="bbox 82 210 1663 907">
    <p class='ocr_par' dir='ltr' id='par_1_2' title="bbox 82 210 1663 907">
     <span class='ocr_line' id='line_1_2' title="bbox 82 210 1656 265; baseline -0.004 -7"><span class='ocrx_word' id='word_1_3' title='bbox 82 215 359 258; x_wconf 76' lang='lat' dir='ltr'><strong><em>SUB-GENUS</em></strong></span> <span class='ocrx_word' id='word_1_4' title='bbox 393 213 447 254; x_wconf 89' lang='lat' dir='ltr'><strong><em>H.</em></strong></span> <span class='ocrx_word' id='word_1_5' title='bbox 513 212 711 253; x_wconf 80' lang='lat' dir='ltr'>PODEUM</span> <span class='ocrx_word' id='word_1_6' title='bbox 735 211 895 265; x_wconf 90' lang='lat' dir='ltr'><strong><em>fronde</em></strong></span> <span class='ocrx_word' id='word_1_7' title='bbox 925 210 1081 264; x_wconf 80' lang='lat' dir='ltr'><strong><em>scepius</em></strong></span> <span class='ocrx_word' id='word_1_8' title='bbox 1105 211 1246 264; x_wconf 78' lang='lat' dir='ltr'><strong><em>plana</em></strong></span> <span class='ocrx_word' id='word_1_9' title='bbox 1277 213 1353 252; x_wconf 87' lang='lat' dir='ltr'><strong><em>aut</em></strong></span> <span class='ocrx_word' id='word_1_10' title='bbox 1384 211 1444 252; x_wconf 85' lang='lat' dir='ltr'><strong><em>ad</em></strong></span> <span class='ocrx_word' id='word_1_11' title='bbox 1464 210 1656 264; x_wconf 84' lang='lat' dir='ltr'><strong><em>formam</em></strong></span> 
     </span>
     <span class='ocr_line' id='line_1_3' title="bbox 222 280 1656 339; baseline -0.003 -13"><span class='ocrx_word' id='word_1_12' title='bbox 222 286 451 339; x_wconf 80' lang='lat' dir='ltr'><strong><em>planatum</em></strong></span> <span class='ocrx_word' id='word_1_13' title='bbox 499 283 699 330; x_wconf 77' lang='lat' dir='ltr'><strong><em>tendente,</em></strong></span> <span class='ocrx_word' id='word_1_14' title='bbox 749 281 898 323; x_wconf 81' lang='lat' dir='ltr'><strong><em>rarius</em></strong></span> <span class='ocrx_word' id='word_1_15' title='bbox 943 294 1187 334; x_wconf 85' lang='lat' dir='ltr'><strong><em>compressa,</em></strong></span> <span class='ocrx_word' id='word_1_16' title='bbox 1237 295 1348 323; x_wconf 89' lang='lat' dir='ltr'><strong><em>nunc</em></strong></span> <span class='ocrx_word' id='word_1_17' title='bbox 1390 281 1493 333; x_wconf 80' lang='lat' dir='ltr'><strong><em>quin</em></strong></span> <span class='ocrx_word' id='word_1_18' title='bbox 1530 280 1656 322; x_wconf 81' lang='lat' dir='ltr'><strong><em>immo</em></strong></span> 
     </span>
     <span class='ocr_line' id='line_1_4' title="bbox 231 351 1657 406; baseline -0.004 -9"><span class='ocrx_word' id='word_1_19' title='bbox 231 355 510 404; x_wconf 80' lang='lat' dir='ltr'><strong><em>teretiuscula,</em></strong></span> <span class='ocrx_word' id='word_1_20' title='bbox 545 356 737 396; x_wconf 72' lang='lat' dir='ltr'><strong><em>contexta</em></strong></span> <span class='ocrx_word' id='word_1_21' title='bbox 769 352 928 394; x_wconf 78' lang='lat' dir='ltr'><strong><em>cellulis</em></strong></span> <span class='ocrx_word' id='word_1_22' title='bbox 950 352 1139 394; x_wconf 62' lang='lat' dir='ltr'><strong><em>ancilibus</em></strong></span> <span class='ocrx_word' id='word_1_23' title='bbox 1162 351 1458 404; x_wconf 78' lang='lat' dir='ltr'><strong><em>pluriseriatis</em></strong></span> <span class='ocrx_word' id='word_1_24' title='bbox 1482 352 1657 406; x_wconf 75' lang='lat' dir='ltr'><strong><em>platy-</em></strong></span> 
     </span>
     <span class='ocr_line' id='line_1_5' title="bbox 231 422 1660 481; baseline -0.003 -13"><span class='ocrx_word' id='word_1_25' title='bbox 231 442 250 469; x_wconf 92' lang='lat' dir='ltr'><strong><em>c</em></strong></span> <span class='ocrx_word' id='word_1_26' title='bbox 259 426 376 481; x_wconf 74' lang='lat' dir='ltr'><strong><em>ysti</em></strong></span> <span class='ocrx_word' id='word_1_27' title='bbox 385 426 413 468; x_wconf 93' lang='lat' dir='ltr'><strong><em>d</em></strong></span> <span class='ocrx_word' id='word_1_28' title='bbox 423 426 502 468; x_wconf 87' lang='lat' dir='ltr'><strong><em>eis</em></strong></span> <span class='ocrx_word' id='word_1_29' title='bbox 533 438 696 478; x_wconf 82' lang='lat' dir='ltr'><strong><em>(nempe</em></strong></span> <span class='ocrx_word' id='word_1_30' title='bbox 728 424 952 465; x_wconf 71' lang='lat' dir='ltr'><strong><em>directione</em></strong></span> <span class='ocrx_word' id='word_1_31' title='bbox 983 423 1093 465; x_wconf 86' lang='lat' dir='ltr'><strong><em>inter</em></strong></span> <span class='ocrx_word' id='word_1_32' title='bbox 1125 422 1338 476; x_wconf 77' lang='lat' dir='ltr'><strong><em>maryines</em></strong></span> <span class='ocrx_word' id='word_1_33' title='bbox 1365 422 1539 476; x_wconf 84' lang='lat' dir='ltr'><strong><em>frondis</em></strong></span> <span class='ocrx_word' id='word_1_34' title='bbox 1558 423 1660 475; x_wconf 77' lang='lat' dir='ltr'><strong><em>plus</em></strong></span> 
     </span>
     <span class='ocr_line' id='line_1_6' title="bbox 231 493 1661 550; baseline -0.003 -10"><span class='ocrx_word' id='word_1_35' title='bbox 231 498 372 539; x_wconf 85' lang='lat' dir='ltr'><strong><em>minus</em></strong></span> <span class='ocrx_word' id='word_1_36' title='bbox 415 497 657 550; x_wconf 82' lang='lat' dir='ltr'><strong><em>conspicuos</em></strong></span> <span class='ocrx_word' id='word_1_37' title='bbox 692 494 932 548; x_wconf 73' lang='lat' dir='ltr'><strong><em>elonyatis),</em></strong></span> <span class='ocrx_word' id='word_1_38' title='bbox 966 493 1242 536; x_wconf 72' lang='lat' dir='ltr'><strong><em>exterioribus</em></strong></span> <span class='ocrx_word' id='word_1_39' title='bbox 1273 493 1320 535; x_wconf 88' lang='lat' dir='ltr'><strong><em>in</em></strong></span> <span class='ocrx_word' id='word_1_40' title='bbox 1350 493 1535 535; x_wconf 75' lang='lat' dir='ltr'><strong><em>seriebus</em></strong></span> <span class='ocrx_word' id='word_1_41' title='bbox 1559 493 1661 546; x_wconf 76' lang='lat' dir='ltr'><strong><em>plus</em></strong></span> 
     </span>
     <span class='ocr_line' id='line_1_7' title="bbox 231 563 1657 620; baseline -0.004 -9"><span class='ocrx_word' id='word_1_42' title='bbox 231 569 372 611; x_wconf 83' lang='lat' dir='ltr'><strong><em>minus</em></strong></span> <span class='ocrx_word' id='word_1_43' title='bbox 418 567 653 610; x_wconf 70' lang='lat' dir='ltr'><strong><em>numerosis</em></strong></span> <span class='ocrx_word' id='word_1_44' title='bbox 693 565 967 620; x_wconf 75' lang='lat' dir='ltr'><strong><em>superpositis</em></strong></span> <span class='ocrx_word' id='word_1_45' title='bbox 1006 565 1146 619; x_wconf 77' lang='lat' dir='ltr'><strong><em>mayis</em></strong></span> <span class='ocrx_word' id='word_1_46' title='bbox 1187 563 1657 618; x_wconf 72' lang='lat' dir='ltr'><strong><em>anyulato-rotundatis,</em></strong></span> 
     </span>
     <span class='ocr_line' id='line_1_8' title="bbox 229 635 1661 691; baseline -0.004 -9"><span class='ocrx_word' id='word_1_47' title='bbox 229 640 422 683; x_wconf 81' lang='lat' dir='ltr'><strong><em>corticali</em></strong></span> <span class='ocrx_word' id='word_1_48' title='bbox 467 641 602 681; x_wconf 84' lang='lat' dir='ltr'><strong><em>strato</em></strong></span> <span class='ocrx_word' id='word_1_49' title='bbox 642 637 822 691; x_wconf 84' lang='lat' dir='ltr'><strong><em>proprio</em></strong></span> <span class='ocrx_word' id='word_1_50' title='bbox 869 636 1145 678; x_wconf 74' lang='lat' dir='ltr'><strong><em>circumcirca</em></strong></span> <span class='ocrx_word' id='word_1_51' title='bbox 1192 635 1412 688; x_wconf 78' lang='lat' dir='ltr'><strong><em>oequatiter</em></strong></span> <span class='ocrx_word' id='word_1_52' title='bbox 1455 635 1661 688; x_wconf 38' lang='lat' dir='ltr'><strong><em>cingentes:</em></strong></span> 
     </span>
     <span class='ocr_line' id='line_1_9' title="bbox 239 700 1663 765; baseline -0.004 -12"><span class='ocrx_word' id='word_1_53' title='bbox 239 710 527 765; x_wconf 64' lang='lat' dir='ltr'><strong><em>Cystocaipiis</em></strong></span> <span class='ocrx_word' id='word_1_54' title='bbox 569 708 616 750; x_wconf 87' lang='lat' dir='ltr'><strong><em>in</em></strong></span> <span class='ocrx_word' id='word_1_55' title='bbox 658 700 950 761; x_wconf 74' lang='lat' dir='ltr'><strong><em>complanatis</em></strong></span> <span class='ocrx_word' id='word_1_56' title='bbox 969 722 1102 761; x_wconf 88' lang='lat' dir='ltr'><strong><em>supra</em></strong></span> <span class='ocrx_word' id='word_1_57' title='bbox 1126 707 1319 760; x_wconf 77' lang='lat' dir='ltr'><strong><em>payinas</em></strong></span> <span class='ocrx_word' id='word_1_58' title='bbox 1341 706 1518 761; x_wconf 82' lang='lat' dir='ltr'><strong><em>frondis</em></strong></span> <span class='ocrx_word' id='word_1_59' title='bbox 1550 719 1663 759; x_wconf 74' lang='lat' dir='ltr'><strong><em>(eque</em></strong></span> 
     </span>
     <span class='ocr_line' id='line_1_10' title="bbox 226 778 1662 835; baseline -0.004 -11"><span class='ocrx_word' id='word_1_60' title='bbox 226 781 585 835; x_wconf 69' lang='lat' dir='ltr'><strong><em>provenientibus,</em></strong></span> <span class='ocrx_word' id='word_1_61' title='bbox 628 780 675 821; x_wconf 90' lang='lat' dir='ltr'><strong><em>in</em></strong></span> <span class='ocrx_word' id='word_1_62' title='bbox 705 779 867 833; x_wconf 89' lang='lat' dir='ltr'><strong><em>fronde</em></strong></span> <span class='ocrx_word' id='word_1_63' title='bbox 903 778 1171 821; x_wconf 81' lang='lat' dir='ltr'><strong><em>teretiuscuta</em></strong></span> <span class='ocrx_word' id='word_1_64' title='bbox 1202 791 1335 832; x_wconf 88' lang='lat' dir='ltr'><strong><em>supra</em></strong></span> <span class='ocrx_word' id='word_1_65' title='bbox 1359 781 1528 831; x_wconf 79' lang='lat' dir='ltr'><strong><em>partem</em></strong></span> <span class='ocrx_word' id='word_1_66' title='bbox 1561 791 1662 818; x_wconf 81' lang='lat' dir='ltr'><strong><em>coni-</em></strong></span> 
     </span>
     <span class='ocr_line' id='line_1_11' title="bbox 229 850 837 907; baseline -0.007 -12"><span class='ocrx_word' id='word_1_67' title='bbox 229 855 455 907; x_wconf 76' lang='lat' dir='ltr'><strong><em>planatarn</em></strong></span> <span class='ocrx_word' id='word_1_68' title='bbox 483 850 837 905; x_wconf 68' lang='lat' dir='ltr'><strong><em>provenientibus.</em></strong></span> 
     </span>
    </p>
   </div>
   <div class='ocr_carea' id='block_1_3' title="bbox 84 988 1668 1550">
    <p class='ocr_par' dir='ltr' id='par_1_3' title="bbox 84 988 1668 1550">
     <span class='ocr_line' id='line_1_12' title="bbox 235 988 1665 1050; baseline -0.005 -13"><span class='ocrx_word' id='word_1_69' title='bbox 235 995 414 1050; x_wconf 78' lang='lat' dir='ltr'><strong><em>Species</em></strong></span> <span class='ocrx_word' id='word_1_70' title='bbox 455 994 593 1049; x_wconf 83' lang='lat' dir='ltr'><strong><em>hujus</em></strong></span> <span class='ocrx_word' id='word_1_71' title='bbox 637 991 936 1034; x_wconf 85' lang='lat' dir='ltr'><strong><em>Sub-Generis</em></strong></span> <span class='ocrx_word' id='word_1_72' title='bbox 970 991 1113 1046; x_wconf 87' lang='lat' dir='ltr'><strong><em>magis</em></strong></span> <span class='ocrx_word' id='word_1_73' title='bbox 1146 989 1451 1032; x_wconf 87' lang='lat' dir='ltr'><strong><em>habitualibus</em></strong></span> <span class='ocrx_word' id='word_1_74' title='bbox 1485 988 1665 1044; x_wconf 86' lang='lat' dir='ltr'><strong><em>quibus-</em></strong></span> 
     </span>
     <span class='ocr_line' id='line_1_13' title="bbox 84 1061 1665 1118; baseline -0.005 -9"><span class='ocrx_word' id='word_1_75' title='bbox 84 1067 197 1109; x_wconf 83' lang='lat' dir='ltr'><strong><em>dam</em></strong></span> <span class='ocrx_word' id='word_1_76' title='bbox 231 1065 403 1107; x_wconf 79' lang='lat' dir='ltr'><strong><em>frondis</em></strong></span> <span class='ocrx_word' id='word_1_77' title='bbox 436 1063 782 1114; x_wconf 78' lang='lat' dir='ltr'><strong><em>characteribus,</em></strong></span> <span class='ocrx_word' id='word_1_78' title='bbox 816 1077 952 1118; x_wconf 89' lang='lat' dir='ltr'><strong><em>quam</em></strong></span> <span class='ocrx_word' id='word_1_79' title='bbox 978 1062 1250 1118; x_wconf 88' lang='lat' dir='ltr'><strong><em>quibusdam</em></strong></span> <span class='ocrx_word' id='word_1_80' title='bbox 1274 1067 1352 1103; x_wconf 86' lang='lat' dir='ltr'><strong><em>aut</em></strong></span> <span class='ocrx_word' id='word_1_81' title='bbox 1373 1061 1420 1102; x_wconf 90' lang='lat' dir='ltr'><strong><em>in</em></strong></span> <span class='ocrx_word' id='word_1_82' title='bbox 1444 1064 1665 1102; x_wconf 77' lang='lat' dir='ltr'><strong><em>structura</em></strong></span> 
     </span>
     <span class='ocr_line' id='line_1_14' title="bbox 91 1130 1664 1180; baseline -0.005 0"><span class='ocrx_word' id='word_1_83' title='bbox 91 1137 268 1180; x_wconf 77' lang='lat' dir='ltr'><strong><em>frondis</em></strong></span> <span class='ocrx_word' id='word_1_84' title='bbox 311 1142 389 1178; x_wconf 83' lang='lat' dir='ltr'><strong><em>aut</em></strong></span> <span class='ocrx_word' id='word_1_85' title='bbox 431 1151 487 1178; x_wconf 83' lang='lat' dir='ltr'><strong><em>ex</em></strong></span> <span class='ocrx_word' id='word_1_86' title='bbox 523 1134 882 1178; x_wconf 85' lang='lat' dir='ltr'><strong><em>fructificationis</em></strong></span> <span class='ocrx_word' id='word_1_87' title='bbox 914 1133 1064 1176; x_wconf 88' lang='lat' dir='ltr'><strong><em>indole</em></strong></span> <span class='ocrx_word' id='word_1_88' title='bbox 1097 1132 1300 1175; x_wconf 79' lang='lat' dir='ltr'><strong><em>deductis</em></strong></span> <span class='ocrx_word' id='word_1_89' title='bbox 1333 1130 1664 1174; x_wconf 77' lang='lat' dir='ltr'><strong><em>characteribus</em></strong></span> 
     </span>
     <span class='ocr_line' id='line_1_15' title="bbox 93 1203 1666 1262; baseline -0.005 -11"><span class='ocrx_word' id='word_1_90' title='bbox 93 1224 119 1251; x_wconf 89' lang='lat' dir='ltr'><strong><em>a</em></strong></span> <span class='ocrx_word' id='word_1_91' title='bbox 152 1207 410 1251; x_wconf 86' lang='lat' dir='ltr'><strong><em>Gracilariis</em></strong></span> <span class='ocrx_word' id='word_1_92' title='bbox 443 1207 648 1262; x_wconf 89' lang='lat' dir='ltr'><strong><em>propriis,</em></strong></span> <span class='ocrx_word' id='word_1_93' title='bbox 684 1205 838 1260; x_wconf 90' lang='lat' dir='ltr'><strong><em>quales</em></strong></span> <span class='ocrx_word' id='word_1_94' title='bbox 862 1205 942 1246; x_wconf 86' lang='lat' dir='ltr'><strong><em>has</em></strong></span> <span class='ocrx_word' id='word_1_95' title='bbox 966 1204 1072 1246; x_wconf 85' lang='lat' dir='ltr'><strong><em>olim</em></strong></span> <span class='ocrx_word' id='word_1_96' title='bbox 1096 1203 1425 1259; x_wconf 88' lang='lat' dir='ltr'><strong><em>dignoscendas</em></strong></span> <span class='ocrx_word' id='word_1_97' title='bbox 1448 1204 1666 1258; x_wconf 82' lang='lat' dir='ltr'><strong><em>putarunt</em></strong></span> 
     </span>
     <span class='ocr_line' id='line_1_16' title="bbox 93 1272 1666 1332; baseline -0.006 -10"><span class='ocrx_word' id='word_1_98' title='bbox 93 1280 306 1322; x_wconf 86' lang='lat' dir='ltr'><strong><em>obvenire</em></strong></span> <span class='ocrx_word' id='word_1_99' title='bbox 340 1279 551 1327; x_wconf 82' lang='lat' dir='ltr'><strong><em>diversas,</em></strong></span> <span class='ocrx_word' id='word_1_100' title='bbox 587 1277 698 1318; x_wconf 87' lang='lat' dir='ltr'><strong><em>mihi</em></strong></span> <span class='ocrx_word' id='word_1_101' title='bbox 730 1275 1002 1332; x_wconf 81' lang='lat' dir='ltr'><strong><em>jamdudum</em></strong></span> <span class='ocrx_word' id='word_1_102' title='bbox 1035 1275 1310 1330; x_wconf 79' lang='lat' dir='ltr'><strong><em>adparuisse,</em></strong></span> <span class='ocrx_word' id='word_1_103' title='bbox 1345 1273 1478 1315; x_wconf 88' lang='lat' dir='ltr'><strong><em>hodie</em></strong></span> <span class='ocrx_word' id='word_1_104' title='bbox 1514 1272 1666 1314; x_wconf 89' lang='lat' dir='ltr'><strong><em>memi-</em></strong></span> 
     </span>
     <span class='ocr_line' id='line_1_17' title="bbox 93 1342 1666 1405; baseline -0.006 -12"><span class='ocrx_word' id='word_1_105' title='bbox 93 1351 212 1393; x_wconf 86' lang='lat' dir='ltr'><strong><em>nisse</em></strong></span> <span class='ocrx_word' id='word_1_106' title='bbox 260 1351 416 1405; x_wconf 87' lang='lat' dir='ltr'><strong><em>placet.</em></strong></span> <span class='ocrx_word' id='word_1_107' title='bbox 481 1349 634 1404; x_wconf 86' lang='lat' dir='ltr'><strong><em>Ipsam</em></strong></span> <span class='ocrx_word' id='word_1_108' title='bbox 682 1352 834 1389; x_wconf 87' lang='lat' dir='ltr'><strong><em>autem</em></strong></span> <span class='ocrx_word' id='word_1_109' title='bbox 882 1347 999 1388; x_wconf 91' lang='lat' dir='ltr'><strong><em>hanc</em></strong></span> <span class='ocrx_word' id='word_1_110' title='bbox 1043 1347 1239 1388; x_wconf 88' lang='lat' dir='ltr'><strong><em>formam</em></strong></span> <span class='ocrx_word' id='word_1_111' title='bbox 1272 1344 1446 1386; x_wconf 75' lang='lat' dir='ltr'><strong><em>frondis</em></strong></span> <span class='ocrx_word' id='word_1_112' title='bbox 1480 1344 1574 1386; x_wconf 88' lang='lat' dir='ltr'><strong><em>fieri</em></strong></span> <span class='ocrx_word' id='word_1_113' title='bbox 1607 1342 1666 1384; x_wconf 87' lang='lat' dir='ltr'><strong><em>di-</em></strong></span> 
     </span>
     <span class='ocr_line' id='line_1_18' title="bbox 92 1416 1668 1475; baseline -0.006 -11"><span class='ocrx_word' id='word_1_114' title='bbox 92 1436 271 1465; x_wconf 76' lang='lat' dir='ltr'><strong><em>versam</em></strong></span> <span class='ocrx_word' id='word_1_115' title='bbox 304 1422 402 1475; x_wconf 87' lang='lat' dir='ltr'><strong><em>ipsa</em></strong></span> <span class='ocrx_word' id='word_1_116' title='bbox 434 1424 656 1461; x_wconf 78' lang='lat' dir='ltr'><strong><em>structura</em></strong></span> <span class='ocrx_word' id='word_1_117' title='bbox 690 1418 912 1469; x_wconf 83' lang='lat' dir='ltr'><strong><em>interiore,</em></strong></span> <span class='ocrx_word' id='word_1_118' title='bbox 948 1418 1128 1460; x_wconf 86' lang='lat' dir='ltr'><strong><em>cellulas</em></strong></span> <span class='ocrx_word' id='word_1_119' title='bbox 1163 1431 1265 1459; x_wconf 90' lang='lat' dir='ltr'><strong><em>suas</em></strong></span> <span class='ocrx_word' id='word_1_120' title='bbox 1296 1422 1393 1458; x_wconf 87' lang='lat' dir='ltr'><strong><em>tum</em></strong></span> <span class='ocrx_word' id='word_1_121' title='bbox 1416 1416 1564 1457; x_wconf 91' lang='lat' dir='ltr'><strong><em>forma</em></strong></span> <span class='ocrx_word' id='word_1_122' title='bbox 1587 1427 1668 1456; x_wconf 87' lang='lat' dir='ltr'><strong><em>sua</em></strong></span> 
     </span>
     <span class='ocr_line' id='line_1_19' title="bbox 94 1487 1666 1550; baseline -0.004 -16"><span class='ocrx_word' id='word_1_123' title='bbox 94 1493 196 1550; x_wconf 86' lang='lat' dir='ltr'><strong><em>plus</em></strong></span> <span class='ocrx_word' id='word_1_124' title='bbox 229 1493 380 1533; x_wconf 88' lang='lat' dir='ltr'><strong><em>minus</em></strong></span> <span class='ocrx_word' id='word_1_125' title='bbox 414 1491 603 1540; x_wconf 85' lang='lat' dir='ltr'><strong><em>diversa,</em></strong></span> <span class='ocrx_word' id='word_1_126' title='bbox 638 1494 734 1532; x_wconf 87' lang='lat' dir='ltr'><strong><em>tum</em></strong></span> <span class='ocrx_word' id='word_1_127' title='bbox 769 1503 924 1531; x_wconf 88' lang='lat' dir='ltr'><strong><em>earum</em></strong></span> <span class='ocrx_word' id='word_1_128' title='bbox 958 1488 1262 1544; x_wconf 87' lang='lat' dir='ltr'><strong><em>dispositione,</em></strong></span> <span class='ocrx_word' id='word_1_129' title='bbox 1303 1487 1438 1529; x_wconf 88' lang='lat' dir='ltr'><strong><em>aliam</em></strong></span> <span class='ocrx_word' id='word_1_130' title='bbox 1471 1487 1666 1527; x_wconf 86' lang='lat' dir='ltr'><strong><em>formam</em></strong></span> 
     </span>
    </p>
   </div>
   <div class='ocr_carea' id='block_1_4' title="bbox 94 1555 1731 1618">
    <p class='ocr_par' dir='ltr' id='par_1_4' title="bbox 94 1555 1731 1618">
     <span class='ocr_line' id='line_1_20' title="bbox 94 1555 1731 1618; baseline -0.005 -12"><span class='ocrx_word' id='word_1_131' title='bbox 94 1564 270 1606; x_wconf 89' lang='lat' dir='ltr'><strong><em>frondis</em></strong></span> <span class='ocrx_word' id='word_1_132' title='bbox 314 1576 494 1618; x_wconf 86' lang='lat' dir='ltr'><strong><em>quoque</em></strong></span> <span class='ocrx_word' id='word_1_133' title='bbox 537 1565 792 1617; x_wconf 83' lang='lat' dir='ltr'><strong><em>generante.</em></strong></span> <span class='ocrx_word' id='word_1_134' title='bbox 859 1560 1063 1602; x_wconf 88' lang='lat' dir='ltr'><strong><em>Sectione</em></strong></span> <span class='ocrx_word' id='word_1_135' title='bbox 1095 1559 1312 1601; x_wconf 90' lang='lat' dir='ltr'><strong><em>nimirum</em></strong></span> <span class='ocrx_word' id='word_1_136' title='bbox 1344 1557 1516 1600; x_wconf 78' lang='lat' dir='ltr'><strong><em>frondis</em></strong></span> <span class='ocrx_word' id='word_1_137' title='bbox 1549 1557 1670 1598; x_wconf 85' lang='lat' dir='ltr'><strong><em>facta</em></strong></span> <span class='ocrx_word' id='word_1_138' title='bbox 1729 1555 1731 1557; x_wconf 71' lang='grc'><strong>’</strong></span> 
     </span>
    </p>
   </div>
   <div class='ocr_carea' id='block_1_5' title="bbox 91 1629 1696 2897">
    <p class='ocr_par' dir='ltr' id='par_1_5' title="bbox 91 1629 1696 2897">
     <span class='ocr_line' id='line_1_21' title="bbox 91 1629 1668 1695; baseline -0.005 -18"><span class='ocrx_word' id='word_1_139' title='bbox 91 1634 382 1695; x_wconf 75' lang='lat' dir='ltr'><strong><em>transyersali</em></strong></span> <span class='ocrx_word' id='word_1_140' title='bbox 431 1633 612 1675; x_wconf 87' lang='lat' dir='ltr'><strong><em>cellulas</em></strong></span> <span class='ocrx_word' id='word_1_141' title='bbox 661 1637 786 1675; x_wconf 82' lang='lat' dir='ltr'><strong><em>extra</em></strong></span> <span class='ocrx_word' id='word_1_142' title='bbox 833 1632 1009 1681; x_wconf 82' lang='lat' dir='ltr'><strong><em>axilem,</em></strong></span> <span class='ocrx_word' id='word_1_143' title='bbox 1061 1645 1222 1686; x_wconf 90' lang='lat' dir='ltr'><strong><em>parum</em></strong></span> <span class='ocrx_word' id='word_1_144' title='bbox 1261 1629 1529 1686; x_wconf 88' lang='lat' dir='ltr'><strong><em>plerumque</em></strong></span> <span class='ocrx_word' id='word_1_145' title='bbox 1570 1641 1668 1669; x_wconf 89' lang='lat' dir='ltr'><strong><em>con-</em></strong></span> 
     </span>
     <span class='ocr_line' id='line_1_22' title="bbox 94 1698 1668 1763; baseline -0.006 -15"><span class='ocrx_word' id='word_1_146' title='bbox 94 1707 312 1763; x_wconf 83' lang='lat' dir='ltr'><strong><em>spicuam,</em></strong></span> <span class='ocrx_word' id='word_1_147' title='bbox 364 1705 607 1747; x_wconf 83' lang='lat' dir='ltr'><strong><em>directione</em></strong></span> <span class='ocrx_word' id='word_1_148' title='bbox 654 1703 881 1759; x_wconf 83' lang='lat' dir='ltr'><strong><em>margines</em></strong></span> <span class='ocrx_word' id='word_1_149' title='bbox 928 1717 1085 1745; x_wconf 82' lang='lat' dir='ltr'><strong><em>versus</em></strong></span> <span class='ocrx_word' id='word_1_150' title='bbox 1133 1701 1305 1744; x_wconf 78' lang='lat' dir='ltr'><strong><em>frondis</em></strong></span> <span class='ocrx_word' id='word_1_151' title='bbox 1359 1700 1539 1756; x_wconf 80' lang='lat' dir='ltr'><strong><em>(saepius</em></strong></span> <span class='ocrx_word' id='word_1_152' title='bbox 1586 1698 1668 1739; x_wconf 88' lang='lat' dir='ltr'><strong><em>rite</em></strong></span> 
     </span>
     <span class='ocr_line' id='line_1_23' title="bbox 95 1770 1669 1833; baseline -0.006 -14"><span class='ocrx_word' id='word_1_153' title='bbox 95 1777 408 1833; x_wconf 69' lang='lat' dir='ltr'><strong><em>complanatae)</em></strong></span> <span class='ocrx_word' id='word_1_154' title='bbox 456 1775 705 1817; x_wconf 78' lang='lat' dir='ltr'><strong><em>latiusoulae</em></strong></span> <span class='ocrx_word' id='word_1_155' title='bbox 754 1774 973 1830; x_wconf 86' lang='lat' dir='ltr'><strong><em>adparent</em></strong></span> <span class='ocrx_word' id='word_1_156' title='bbox 1020 1778 1063 1815; x_wconf 81' lang='lat' dir='ltr'><strong><em>et·</em></strong></span> <span class='ocrx_word' id='word_1_157' title='bbox 1107 1773 1271 1829; x_wconf 82' lang='lat' dir='ltr'><strong><em>saepius</em></strong></span> <span class='ocrx_word' id='word_1_158' title='bbox 1308 1772 1392 1814; x_wconf 89' lang='lat' dir='ltr'><strong><em>hac</em></strong></span> <span class='ocrx_word' id='word_1_159' title='bbox 1426 1770 1669 1812; x_wconf 85' lang='lat' dir='ltr'><strong><em>directione</em></strong></span> 
     </span>
     <span class='ocr_line' id='line_1_24' title="bbox 97 1840 1668 1903; baseline -0.006 -13"><span class='ocrx_word' id='word_1_160' title='bbox 97 1851 239 1891; x_wconf 90' lang='lat' dir='ltr'><strong><em>multo</em></strong></span> <span class='ocrx_word' id='word_1_161' title='bbox 290 1848 434 1903; x_wconf 89' lang='lat' dir='ltr'><strong><em>magis</em></strong></span> <span class='ocrx_word' id='word_1_162' title='bbox 483 1847 702 1902; x_wconf 77' lang='lat' dir='ltr'><strong><em>elongatae</em></strong></span> <span class='ocrx_word' id='word_1_163' title='bbox 737 1860 873 1901; x_wconf 86' lang='lat' dir='ltr'><strong><em>quam</em></strong></span> <span class='ocrx_word' id='word_1_164' title='bbox 908 1845 1029 1900; x_wconf 88' lang='lat' dir='ltr'><strong><em>ipsas</em></strong></span> <span class='ocrx_word' id='word_1_165' title='bbox 1061 1858 1217 1886; x_wconf 81' lang='lat' dir='ltr'><strong><em>Versus</em></strong></span> <span class='ocrx_word' id='word_1_166' title='bbox 1250 1843 1439 1899; x_wconf 85' lang='lat' dir='ltr'><strong><em>paginas</em></strong></span> <span class='ocrx_word' id='word_1_167' title='bbox 1472 1840 1668 1891; x_wconf 85' lang='lat' dir='ltr'><strong><em>frondis;</em></strong></span> 
     </span>
     <span class='ocr_line' id='line_1_25' title="bbox 98 1910 1671 1972; baseline -0.006 -11"><span class='ocrx_word' id='word_1_168' title='bbox 98 1924 142 1962; x_wconf 87' lang='lat' dir='ltr'><strong><em>et</em></strong></span> <span class='ocrx_word' id='word_1_169' title='bbox 174 1919 357 1962; x_wconf 90' lang='lat' dir='ltr'><strong><em>cellulas</em></strong></span> <span class='ocrx_word' id='word_1_170' title='bbox 389 1919 473 1960; x_wconf 86' lang='lat' dir='ltr'><strong><em>hac</em></strong></span> <span class='ocrx_word' id='word_1_171' title='bbox 495 1918 644 1959; x_wconf 87' lang='lat' dir='ltr'><strong><em>forma</em></strong></span> <span class='ocrx_word' id='word_1_172' title='bbox 667 1917 913 1966; x_wconf 88' lang='lat' dir='ltr'><strong><em>distinctas,</em></strong></span> <span class='ocrx_word' id='word_1_173' title='bbox 937 1917 984 1958; x_wconf 90' lang='lat' dir='ltr'><strong><em>in</em></strong></span> <span class='ocrx_word' id='word_1_174' title='bbox 1007 1915 1243 1972; x_wconf 89' lang='lat' dir='ltr'><strong><em>permultis</em></strong></span> <span class='ocrx_word' id='word_1_175' title='bbox 1268 1913 1510 1970; x_wconf 79' lang='lat' dir='ltr'><strong><em>Speciebus</em></strong></span> <span class='ocrx_word' id='word_1_176' title='bbox 1533 1910 1671 1953; x_wconf 81' lang='lat' dir='ltr'><strong><em>Podei</em></strong></span> 
     </span>
     <span class='ocr_line' id='line_1_26' title="bbox 97 1982 1670 2043; baseline -0.006 -10"><span class='ocrx_word' id='word_1_177' title='bbox 97 2004 361 2033; x_wconf 88' lang='lat' dir='ltr'><strong><em>numerosas</em></strong></span> <span class='ocrx_word' id='word_1_178' title='bbox 409 1990 542 2032; x_wconf 89' lang='lat' dir='ltr'><strong><em>series</em></strong></span> <span class='ocrx_word' id='word_1_179' title='bbox 591 1994 633 2031; x_wconf 89' lang='lat' dir='ltr'><strong><em>et</em></strong></span> <span class='ocrx_word' id='word_1_180' title='bbox 679 1989 742 2030; x_wconf 89' lang='lat' dir='ltr'><strong><em>ita</em></strong></span> <span class='ocrx_word' id='word_1_181' title='bbox 788 1989 902 2031; x_wconf 91' lang='lat' dir='ltr'><strong><em>bene</em></strong></span> <span class='ocrx_word' id='word_1_182' title='bbox 950 1987 1216 2043; x_wconf 87' lang='lat' dir='ltr'><strong><em>conspicuas</em></strong></span> <span class='ocrx_word' id='word_1_183' title='bbox 1258 1987 1524 2034; x_wconf 86' lang='lat' dir='ltr'><strong><em>formantes;</em></strong></span> <span class='ocrx_word' id='word_1_184' title='bbox 1563 1982 1670 2024; x_wconf 88' lang='lat' dir='ltr'><strong><em>hinc</em></strong></span> 
     </span>
     <span class='ocr_line' id='line_1_27' title="bbox 97 2053 1671 2114; baseline -0.006 -10"><span class='ocrx_word' id='word_1_185' title='bbox 97 2063 247 2104; x_wconf 80' lang='lat' dir='ltr'><strong><em>forma</em></strong></span> <span class='ocrx_word' id='word_1_186' title='bbox 295 2061 510 2103; x_wconf 90' lang='lat' dir='ltr'><strong><em>suadente</em></strong></span> <span class='ocrx_word' id='word_1_187' title='bbox 552 2060 885 2114; x_wconf 70' lang='lat' dir='ltr'><strong><em>platycgystideas</em></strong></span> <span class='ocrx_word' id='word_1_188' title='bbox 932 2059 1013 2100; x_wconf 89' lang='lat' dir='ltr'><strong><em>has</em></strong></span> <span class='ocrx_word' id='word_1_189' title='bbox 1050 2057 1296 2100; x_wconf 86' lang='lat' dir='ltr'><strong><em>nominavi.</em></strong></span> <span class='ocrx_word' id='word_1_190' title='bbox 1361 2055 1457 2098; x_wconf 87' lang='lat' dir='ltr'><strong><em>Has</em></strong></span> <span class='ocrx_word' id='word_1_191' title='bbox 1490 2053 1671 2096; x_wconf 86' lang='lat' dir='ltr'><strong><em>cellulas</em></strong></span> 
     </span>
     <span class='ocr_line' id='line_1_28' title="bbox 98 2126 1672 2189; baseline -0.006 -14"><span class='ocrx_word' id='word_1_192' title='bbox 98 2132 446 2189; x_wconf 82' lang='lat' dir='ltr'><strong><em>platycystideas</em></strong></span> <span class='ocrx_word' id='word_1_193' title='bbox 479 2132 524 2173; x_wconf 90' lang='lat' dir='ltr'><strong><em>in</em></strong></span> <span class='ocrx_word' id='word_1_194' title='bbox 561 2130 803 2186; x_wconf 80' lang='lat' dir='ltr'><strong><em>Speciebus</em></strong></span> <span class='ocrx_word' id='word_1_195' title='bbox 837 2130 994 2172; x_wconf 89' lang='lat' dir='ltr'><strong><em>fronde</em></strong></span> <span class='ocrx_word' id='word_1_196' title='bbox 1027 2130 1163 2185; x_wconf 83' lang='lat' dir='ltr'><strong><em>plana</em></strong></span> <span class='ocrx_word' id='word_1_197' title='bbox 1190 2127 1464 2171; x_wconf 79' lang='lat' dir='ltr'><strong><em>evidentiore</em></strong></span> <span class='ocrx_word' id='word_1_198' title='bbox 1486 2126 1672 2167; x_wconf 88' lang='lat' dir='ltr'><strong><em>instruc-</em></strong></span> 
     </span>
     <span class='ocr_line' id='line_1_29' title="bbox 99 2197 1672 2256; baseline -0.006 -10"><span class='ocrx_word' id='word_1_199' title='bbox 99 2205 156 2247; x_wconf 88' lang='lat' dir='ltr'><strong><em>tis</em></strong></span> <span class='ocrx_word' id='word_1_200' title='bbox 188 2218 453 2245; x_wconf 89' lang='lat' dir='ltr'><strong><em>numerosas</em></strong></span> <span class='ocrx_word' id='word_1_201' title='bbox 493 2203 627 2245; x_wconf 89' lang='lat' dir='ltr'><strong><em>series</em></strong></span> <span class='ocrx_word' id='word_1_202' title='bbox 669 2203 918 2244; x_wconf 82' lang='lat' dir='ltr'><strong><em>formantes</em></strong></span> <span class='ocrx_word' id='word_1_203' title='bbox 956 2201 1187 2256; x_wconf 77' lang='lat' dir='ltr'><strong><em>adparent,</em></strong></span> <span class='ocrx_word' id='word_1_204' title='bbox 1225 2213 1337 2254; x_wconf 85' lang='lat' dir='ltr'><strong><em>quas</em></strong></span> <span class='ocrx_word' id='word_1_205' title='bbox 1371 2197 1565 2240; x_wconf 89' lang='lat' dir='ltr'><strong><em>invicem</em></strong></span> <span class='ocrx_word' id='word_1_206' title='bbox 1600 2209 1672 2250; x_wconf 89' lang='lat' dir='ltr'><strong><em>pa-</em></strong></span> 
     </span>
     <span class='ocr_line' id='line_1_30' title="bbox 99 2266 1672 2329; baseline -0.006 -12"><span class='ocrx_word' id='word_1_207' title='bbox 99 2275 274 2318; x_wconf 89' lang='lat' dir='ltr'><strong><em>rallelas</em></strong></span> <span class='ocrx_word' id='word_1_208' title='bbox 320 2274 497 2316; x_wconf 85' lang='lat' dir='ltr'><strong><em>facilius</em></strong></span> <span class='ocrx_word' id='word_1_209' title='bbox 541 2288 722 2329; x_wconf 85' lang='lat' dir='ltr'><strong><em>quoque</em></strong></span> <span class='ocrx_word' id='word_1_210' title='bbox 755 2273 923 2315; x_wconf 85' lang='lat' dir='ltr'><strong><em>diceres</em></strong></span> <span class='ocrx_word' id='word_1_211' title='bbox 957 2276 1000 2314; x_wconf 90' lang='lat' dir='ltr'><strong><em>et</em></strong></span> <span class='ocrx_word' id='word_1_212' title='bbox 1031 2272 1078 2313; x_wconf 90' lang='lat' dir='ltr'><strong><em>in</em></strong></span> <span class='ocrx_word' id='word_1_213' title='bbox 1111 2283 1385 2325; x_wconf 85' lang='lat' dir='ltr'><strong><em>unaquaque</em></strong></span> <span class='ocrx_word' id='word_1_214' title='bbox 1419 2268 1529 2310; x_wconf 89' lang='lat' dir='ltr'><strong><em>serie</em></strong></span> <span class='ocrx_word' id='word_1_215' title='bbox 1562 2266 1672 2309; x_wconf 82' lang='lat' dir='ltr'><strong><em>invi-</em></strong></span> 
     </span>
     <span class='ocr_line' id='line_1_31' title="bbox 99 2337 1672 2400; baseline -0.007 -11"><span class='ocrx_word' id='word_1_216' title='bbox 99 2360 196 2389; x_wconf 89' lang='lat' dir='ltr'><strong><em>cem</em></strong></span> <span class='ocrx_word' id='word_1_217' title='bbox 246 2346 401 2388; x_wconf 79' lang='lat' dir='ltr'><strong><em>obvias</em></strong></span> <span class='ocrx_word' id='word_1_218' title='bbox 451 2346 542 2387; x_wconf 89' lang='lat' dir='ltr'><strong><em>suis</em></strong></span> <span class='ocrx_word' id='word_1_219' title='bbox 587 2344 812 2400; x_wconf 85' lang='lat' dir='ltr'><strong><em>apicibus3</em></strong></span> <span class='ocrx_word' id='word_1_220' title='bbox 847 2348 893 2385; x_wconf 90' lang='lat' dir='ltr'><strong><em>at</em></strong></span> <span class='ocrx_word' id='word_1_221' title='bbox 925 2343 1037 2384; x_wconf 90' lang='lat' dir='ltr'><strong><em>mihi</em></strong></span> <span class='ocrx_word' id='word_1_222' title='bbox 1070 2342 1331 2398; x_wconf 85' lang='lat' dir='ltr'><strong><em>adparuisse</em></strong></span> <span class='ocrx_word' id='word_1_223' title='bbox 1365 2339 1557 2381; x_wconf 88' lang='lat' dir='ltr'><strong><em>dicerem</em></strong></span> <span class='ocrx_word' id='word_1_224' title='bbox 1592 2337 1672 2379; x_wconf 85' lang='lat' dir='ltr'><strong><em>has</em></strong></span> 
     </span>
     <span class='ocr_line' id='line_1_32' title="bbox 100 2411 1674 2471; baseline -0.006 -12"><span class='ocrx_word' id='word_1_225' title='bbox 100 2417 283 2460; x_wconf 87' lang='lat' dir='ltr'><strong><em>cellulas</em></strong></span> <span class='ocrx_word' id='word_1_226' title='bbox 317 2415 439 2458; x_wconf 89' lang='lat' dir='ltr'><strong><em>haud</em></strong></span> <span class='ocrx_word' id='word_1_227' title='bbox 473 2416 622 2458; x_wconf 85' lang='lat' dir='ltr'><strong><em>stricte</em></strong></span> <span class='ocrx_word' id='word_1_228' title='bbox 655 2415 884 2471; x_wconf 88' lang='lat' dir='ltr'><strong><em>oppositas</em></strong></span> <span class='ocrx_word' id='word_1_229' title='bbox 927 2414 1004 2456; x_wconf 85' lang='lat' dir='ltr'><strong><em>sed</em></strong></span> <span class='ocrx_word' id='word_1_230' title='bbox 1037 2427 1193 2456; x_wconf 79' lang='lat' dir='ltr'><strong><em>revera</em></strong></span> <span class='ocrx_word' id='word_1_231' title='bbox 1225 2413 1287 2454; x_wconf 90' lang='lat' dir='ltr'><strong><em>ita</em></strong></span> <span class='ocrx_word' id='word_1_232' title='bbox 1319 2412 1591 2454; x_wconf 89' lang='lat' dir='ltr'><strong><em>alternantes</em></strong></span> <span class='ocrx_word' id='word_1_233' title='bbox 1623 2411 1674 2449; x_wconf 89' lang='lat' dir='ltr'><strong><em>ut</em></strong></span> 
     </span>
     <span class='ocr_line' id='line_1_33' title="bbox 101 2480 1673 2542; baseline -0.006 -12"><span class='ocrx_word' id='word_1_234' title='bbox 101 2503 240 2530; x_wconf 88' lang='lat' dir='ltr'><strong><em>unam</em></strong></span> <span class='ocrx_word' id='word_1_235' title='bbox 290 2487 495 2530; x_wconf 86' lang='lat' dir='ltr'><strong><em>cellulam</em></strong></span> <span class='ocrx_word' id='word_1_236' title='bbox 545 2486 741 2542; x_wconf 86' lang='lat' dir='ltr'><strong><em>quodam</em></strong></span> <span class='ocrx_word' id='word_1_237' title='bbox 791 2486 968 2541; x_wconf 88' lang='lat' dir='ltr'><strong><em>apiculo</em></strong></span> <span class='ocrx_word' id='word_1_238' title='bbox 1018 2489 1096 2526; x_wconf 89' lang='lat' dir='ltr'><strong><em>aut</em></strong></span> <span class='ocrx_word' id='word_1_239' title='bbox 1134 2484 1338 2539; x_wconf 86' lang='lat' dir='ltr'><strong><em>margine</em></strong></span> <span class='ocrx_word' id='word_1_240' title='bbox 1370 2480 1673 2537; x_wconf 84' lang='lat' dir='ltr'><strong><em>supereminet</em></strong></span> 
     </span>
     <span class='ocr_line' id='line_1_34' title="bbox 102 2549 1696 2614; baseline -0.006 -13"><span class='ocrx_word' id='word_1_241' title='bbox 102 2560 312 2609; x_wconf 79' lang='lat' dir='ltr'><strong><em>alteram3</em></strong></span> <span class='ocrx_word' id='word_1_242' title='bbox 363 2564 405 2601; x_wconf 91' lang='lat' dir='ltr'><strong><em>et</em></strong></span> <span class='ocrx_word' id='word_1_243' title='bbox 449 2572 727 2614; x_wconf 84' lang='lat' dir='ltr'><strong><em>quamquam</em></strong></span> <span class='ocrx_word' id='word_1_244' title='bbox 773 2558 835 2599; x_wconf 88' lang='lat' dir='ltr'><strong><em>ita</em></strong></span> <span class='ocrx_word' id='word_1_245' title='bbox 866 2557 914 2598; x_wconf 90' lang='lat' dir='ltr'><strong><em>in</em></strong></span> <span class='ocrx_word' id='word_1_246' title='bbox 947 2556 1082 2598; x_wconf 88' lang='lat' dir='ltr'><strong><em>series</em></strong></span> <span class='ocrx_word' id='word_1_247' title='bbox 1115 2554 1354 2609; x_wconf 78' lang='lat' dir='ltr'><strong><em>dispositae,</em></strong></span> <span class='ocrx_word' id='word_1_248' title='bbox 1389 2566 1501 2608; x_wconf 87' lang='lat' dir='ltr'><strong><em>quas</em></strong></span> <span class='ocrx_word' id='word_1_249' title='bbox 1534 2549 1696 2606; x_wconf 87' lang='lat' dir='ltr'><strong><em>paral-.</em></strong></span> 
     </span>
     <span class='ocr_line' id='line_1_35' title="bbox 103 2615 1673 2682; baseline -0.006 -10"><span class='ocrx_word' id='word_1_250' title='bbox 103 2631 209 2672; x_wconf 88' lang='lat' dir='ltr'><strong><em>lelas</em></strong></span> <span class='ocrx_word' id='word_1_251' title='bbox 243 2630 423 2678; x_wconf 80' lang='lat' dir='ltr'><strong><em>diceres,</em></strong></span> <span class='ocrx_word' id='word_1_252' title='bbox 470 2635 621 2671; x_wconf 89' lang='lat' dir='ltr'><strong><em>tamen</em></strong></span> <span class='ocrx_word' id='word_1_253' title='bbox 656 2628 837 2671; x_wconf 89' lang='lat' dir='ltr'><strong><em>easdem</em></strong></span> <span class='ocrx_word' id='word_1_254' title='bbox 871 2628 962 2670; x_wconf 88' lang='lat' dir='ltr'><strong><em>suis</em></strong></span> <span class='ocrx_word' id='word_1_255' title='bbox 996 2625 1198 2682; x_wconf 87' lang='lat' dir='ltr'><strong><em>apicibus</em></strong></span> <span class='ocrx_word' id='word_1_256' title='bbox 1231 2615 1332 2681; x_wconf 89' lang='lat' dir='ltr'><strong><em>plus</em></strong></span> <span class='ocrx_word' id='word_1_257' title='bbox 1365 2624 1516 2666; x_wconf 89' lang='lat' dir='ltr'><strong><em>minus</em></strong></span> <span class='ocrx_word' id='word_1_258' title='bbox 1549 2622 1673 2663; x_wconf 88' lang='lat' dir='ltr'><strong><em>alter-</em></strong></span> 
     </span>
     <span class='ocr_line' id='line_1_36' title="bbox 104 2693 1672 2756; baseline -0.006 -14"><span class='ocrx_word' id='word_1_259' title='bbox 104 2706 263 2743; x_wconf 88' lang='lat' dir='ltr'><strong><em>nantes</em></strong></span> <span class='ocrx_word' id='word_1_260' title='bbox 297 2701 535 2756; x_wconf 86' lang='lat' dir='ltr'><strong><em>dispositas</em></strong></span> <span class='ocrx_word' id='word_1_261' title='bbox 569 2714 663 2742; x_wconf 88' lang='lat' dir='ltr'><strong><em>esse</em></strong></span> <span class='ocrx_word' id='word_1_262' title='bbox 696 2699 902 2741; x_wconf 84' lang='lat' dir='ltr'><strong><em>lubenter</em></strong></span> <span class='ocrx_word' id='word_1_263' title='bbox 935 2712 1225 2747; x_wconf 88' lang='lat' dir='ltr'><strong><em>assumerem,</em></strong></span> <span class='ocrx_word' id='word_1_264' title='bbox 1252 2694 1545 2738; x_wconf 86' lang='lat' dir='ltr'><strong><em>suadentibus</em></strong></span> <span class='ocrx_word' id='word_1_265' title='bbox 1571 2693 1672 2747; x_wconf 90' lang='lat' dir='ltr'><strong><em>Spe-</em></strong></span> 
     </span>
     <span class='ocr_line' id='line_1_37' title="bbox 103 2762 1674 2826; baseline -0.006 -13"><span class='ocrx_word' id='word_1_266' title='bbox 103 2772 256 2813; x_wconf 82' lang='lat' dir='ltr'><strong><em>ciebus</em></strong></span> <span class='ocrx_word' id='word_1_267' title='bbox 306 2771 593 2826; x_wconf 77' lang='lat' dir='ltr'><strong><em>quibusdam,</em></strong></span> <span class='ocrx_word' id='word_1_268' title='bbox 643 2772 689 2812; x_wconf 90' lang='lat' dir='ltr'><strong><em>in</em></strong></span> <span class='ocrx_word' id='word_1_269' title='bbox 739 2770 904 2825; x_wconf 85' lang='lat' dir='ltr'><strong><em>quibus</em></strong></span> <span class='ocrx_word' id='word_1_270' title='bbox 952 2769 1087 2812; x_wconf 87' lang='lat' dir='ltr'><strong><em>series</em></strong></span> <span class='ocrx_word' id='word_1_271' title='bbox 1125 2768 1384 2810; x_wconf 87' lang='lat' dir='ltr'><strong><em>cellularum</em></strong></span> <span class='ocrx_word' id='word_1_272' title='bbox 1421 2762 1674 2821; x_wconf 80' lang='lat' dir='ltr'><strong><em>platycysti-</em></strong></span> 
     </span>
     <span class='ocr_line' id='line_1_38' title="bbox 105 2832 1675 2897; baseline -0.004 -15"><span class='ocrx_word' id='word_1_273' title='bbox 105 2841 290 2883; x_wconf 86' lang='lat' dir='ltr'><strong><em>dearum</em></strong></span> <span class='ocrx_word' id='word_1_274' title='bbox 326 2843 557 2897; x_wconf 83' lang='lat' dir='ltr'><strong><em>pauciores</em></strong></span> <span class='ocrx_word' id='word_1_275' title='bbox 590 2847 874 2897; x_wconf 87' lang='lat' dir='ltr'><strong><em>generantur,</em></strong></span> <span class='ocrx_word' id='word_1_276' title='bbox 900 2845 1034 2895; x_wconf 87' lang='lat' dir='ltr'><strong><em>atque</em></strong></span> <span class='ocrx_word' id='word_1_277' title='bbox 1067 2839 1234 2882; x_wconf 87' lang='lat' dir='ltr'><strong><em>cinctas</em></strong></span> <span class='ocrx_word' id='word_1_278' title='bbox 1268 2837 1471 2893; x_wconf 89' lang='lat' dir='ltr'><strong><em>(paginas</em></strong></span> <span class='ocrx_word' id='word_1_279' title='bbox 1504 2832 1675 2888; x_wconf 84' lang='lat' dir='ltr'><strong><em>versus)</em></strong></span> 
     </span>
    </p>
   </div>
  </div>
 </body>
</html>
