1779 3068
698 44 1052 85 CHYLOCLADIA.
1601 44 1656 84 29

91 273 152 325 V.
214 272 294 324 De
330 272 720 323 CHYLOCLADIA
748 272 1153 337 (ENDODICTYO)
1181 287 1459 324 CATENATA
1488 271 1653 331 Auci„

95 361 347 430 Speciem
397 359 776 428 Chylocladiae
825 359 1055 411 Generis
1106 360 1243 412 mihi
1286 377 1490 411 novam
1533 376 1658 411 con-

92 450 378 509 stituente,
439 447 575 498 olim
635 464 665 497 a
726 447 949 515 Harvey
1008 448 1198 499 forsan
1263 449 1369 500 sul)
1428 448 1660 499 nomine

93 536 457 589 Lomentarioe
495 537 754 587 catenulae
794 535 1148 603 descriptam,
1178 537 1347 588 hodie
1377 536 1482 587 sub
1512 536 1659 587 dicto

591 623 824 674 nomine
865 623 1161 691 divulgata.

236 798 357 840 Inter
388 798 564 853 plantas
596 810 737 838 novas
769 795 987 850 Japoniae,
1013 796 1118 837 olim
1143 811 1169 837 a
1191 796 1375 852 Harvey
1403 796 1659 852 descriptas,

92 873 239 912 exstat
272 868 450 924 Species
482 867 667 917 nomine
704 867 988 909 Lomentarioe
1021 871 1224 909 catenatoe
1257 867 1490 922 descripta,
1524 882 1660 922 quam

94 941 300 996 Speciem
332 938 669 997 memorabilem
705 937 829 988 dixit,
865 937 1019 980 habitu
1051 937 1366 992 Corallopsidis
1391 937 1660 988 distinctam,

93 1026 176 1054 sua
223 1014 446 1053 structura
492 1014 643 1051 autem
692 1009 929 1052 diversam.
996 1008 1128 1050 Hanc
1177 1008 1288 1049 mihi
1336 1008 1536 1063 ignotam
1580 1008 1662 1050 sub

94 1082 213 1124 dicto
245 1081 429 1124 nomine
462 1081 631 1134 (Epicr.
658 1095 705 1134 10.
742 1081 848 1135 635)
880 1080 997 1121 inter
1030 1079 1208 1135 Species
1241 1079 1533 1133 inquirendas
1561 1093 1664 1121 enu-

96 1153 278 1195 meravi.
341 1152 503 1194 Postea
550 1152 808 1207 specimina,
856 1151 1040 1193 nomine
1079 1150 1250 1206 Speciei
1285 1150 1569 1204 Harveyanae
1603 1150 1665 1191 in-

95 1224 271 1280 scripta,
314 1227 411 1266 tum
445 1237 471 1264 a
503 1222 690 1264 Holmes
733 1222 845 1264 mihi
890 1221 1038 1273 missa,
1087 1226 1182 1263 tum
1227 1221 1282 1263 ab
1319 1220 1549 1262 Okamura
1582 1220 1664 1262 sub

96 1310 171 1337 nto
209 1296 260 1336 15
292 1295 409 1337 inter
441 1294 577 1349 Algas
619 1293 724 1335 Exs.
758 1293 962 1348 Japoniae
996 1292 1278 1334 distributam
1314 1291 1419 1333 vidi.
1483 1291 1550 1333 lta
1582 1292 1665 1332 for-

97 1380 178 1408 san
222 1364 542 1421 suspicandum
585 1364 813 1406 videretur
849 1364 1050 1419 plantam
1084 1363 1217 1405 istam
1251 1362 1571 1417 Harveyanam
1605 1376 1664 1403 re-

96 1451 203 1480 vera
235 1437 281 1478 in
315 1437 398 1478 hac
431 1435 585 1491 planta
616 1434 1025 1490 recognoscendam
1058 1448 1166 1476 esse.

239 1507 362 1549 Inter
395 1506 654 1562 specimina,
690 1520 791 1562 quae
824 1506 936 1547 mihi
964 1505 1269 1561 comparanda
1291 1504 1544 1553 adfuerunt,
1570 1507 1666 1545 tum

98 1578 325 1635 specimen
377 1577 666 1634 cystocarpiis
718 1577 1009 1627 instructum,
1067 1582 1163 1618 tum
1218 1575 1668 1632 sphaerosporiferum

98 1650 335 1693 observare
368 1648 572 1704 contigit;
621 1652 664 1690 et
696 1649 765 1690 his
797 1648 933 1704 paulo
967 1649 1217 1690 accuratius
1256 1646 1523 1689 examinatis
1558 1645 1668 1686 mihi

99 1721 360 1777 adparuisse
392 1720 593 1776 plantam
621 1720 739 1762 hanc
762 1720 878 1761 male
900 1719 1172 1761 intellectam
1196 1718 1353 1768 fuisse;
1389 1717 1668 1770 eandemque

99 1791 361 1835 nullomodo
395 1791 548 1833 sistere
571 1790 775 1845 Speciem
799 1790 1097 1832 Lomentariis
1120 1789 1316 1839 affinem,
1341 1788 1417 1830 sed
1441 1787 1497 1829 ad
1520 1787 1666 1833 aliam,

100 1868 143 1906 et
175 1868 243 1905 sat
275 1862 498 1905 diversam
533 1861 797 1917 Systematis
830 1862 1058 1916 regionem
1094 1859 1451 1902 transferendam
1485 1872 1590 1899 esse.

245 1933 512 1989 Specimina,
548 1945 650 1988 quae
682 1933 778 1988 ipse
812 1931 1115 1987 comparanda
1150 1931 1300 1980 habui,
1331 1934 1399 1972 sat
1424 1929 1537 1971 bene
1560 1927 1668 1970 invi-

101 2020 198 2048 cem
221 2005 516 2060 congruentia
537 2008 759 2059 putarem,
783 2008 827 2046 et
848 2004 910 2045 ita
932 2003 989 2045 ad
1014 2002 1203 2044 eandem
1234 2000 1437 2056 Speciem
1460 2000 1553 2042 haec
1577 2013 1668 2053 per-

101 2076 263 2126 tinere3
299 2075 618 2131 Harveyanam
654 2075 858 2130 Speciem
882 2075 928 2115 in
952 2073 1107 2116 eadem
1131 2070 1535 2127 recognoscendam
1561 2083 1668 2120 esse,

102 2147 307 2189 lubenter
339 2160 520 2201 quoque
553 2146 816 2201 suspicarer,
858 2158 1135 2200 quamquam
1170 2143 1314 2184 dicere
1348 2142 1414 2183 fas
1447 2145 1523 2190 est,
1559 2139 1671 2181 mihi

102 2232 193 2260 non
227 2217 405 2259 licuisse
438 2217 664 2272 specimen
699 2229 957 2270 comparare
990 2215 1131 2270 ipsius
1165 2213 1330 2268 plantae
1370 2212 1667 2266 Harveyanae.

247 2287 438 2337 Qualem
484 2292 685 2329 nostram
733 2286 839 2337 vidi,
889 2285 1078 2328 eandem
1127 2284 1280 2326 sistere
1322 2282 1520 2338 plantam
1555 2283 1671 2324 3-4

104 2359 374 2415 pollicarem,
421 2358 597 2400 inferne
638 2357 969 2412 cylindraceam
1011 2360 1053 2398 et
1085 2355 1282 2397 crassitie
1315 2354 1488 2396 circiter
1521 2353 1672 2408 Gigar-

104 2429 210 2472 tinae
251 2428 497 2479 acicularis,
540 2428 763 2483 pinnatim
810 2426 1174 2482 decompositam,
1214 2425 1350 2467 ramis
1384 2423 1672 2466 inferioribus

106 2500 324 2556 oppositis
366 2498 636 2554 patentibus,
670 2498 838 2540 infimis
883 2496 1172 2552 longioribus,
1207 2496 1379 2539 circiter
1410 2493 1672 2550 bipollicari-

105 2571 204 2622 bus,
238 2570 516 2625 ramulisque
548 2569 857 2611 conformibus
889 2567 1175 2624 paucioribus
1208 2566 1448 2616 instructis,
1481 2565 1674 2621 superio-

106 2642 230 2685 ribus
278 2640 654 2697 simpliciusculis,
703 2640 751 2682 in
800 2640 954 2695 planta
996 2639 1217 2681 exsiccata
1248 2637 1516 2693 adparenter
1547 2636 1673 2679 colla·

107 2712 317 2755 bentibus
366 2716 409 2754 et
450 2712 624 2768 apicem
670 2711 1029 2754 obtusiusculum
1063 2708 1457 2764 subspathulatum
1491 2708 1675 2750 offeren-

107 2783 250 2836 tibus3
300 2783 409 2826 alios
457 2786 657 2825 attamen
704 2781 901 2824 ramulos
949 2781 1150 2836 generari
1197 2777 1391 2823 invicem
1433 2779 1673 2835 oppositos,
