1779 3068
80 72 132 113 12

76 187 316 243 conjecerit
347 211 404 216 —
437 187 697 239 comparata
742 196 923 238 quoque
965 181 1258 238 dispositione
1299 180 1648 236 gemmidiorum

74 260 121 301 in
159 257 448 301 Caulacantho
482 260 525 297 et
562 254 769 297 Gelidiez‘s
793 279 848 284 —-
871 252 1096 309 ejusmodi
1128 252 1469 308 dispositionem
1493 251 1648 294 sistere

75 330 377 372 characterem
419 326 504 369 sibi
546 326 794 381 proprium,
829 328 872 367 et
908 324 1138 380 propriam
1173 323 1302 379 quasi
1334 323 1554 365 familiam
1586 322 1648 364 in-

74 401 313 442 dicantem.
379 397 458 440 Sin
491 411 597 440 vero
629 396 790 447 nuclei,
825 399 876 438 ut
907 396 970 437 ita
1002 394 1241 445 videretur,
1272 394 1508 450 compositi
1530 407 1648 449 gem-

73 471 213 514 midia
265 469 418 512 omnia
470 483 525 510 ex
577 468 711 510 unico
765 466 887 522 quod
939 466 1066 508 adest
1117 465 1416 520 carpostomio
1464 464 1649 507 demum

74 543 238 585 emissa
284 541 380 583 fieri
427 539 667 590 videretur,
718 538 856 581 dubia
897 537 1107 593 quaedam
1149 536 1261 578 mihi
1292 540 1443 579 tamen
1477 550 1649 591 perma-

72 627 179 655 nere
228 612 435 662 dicerem,
477 615 632 653 utrum
675 610 722 652 in
761 608 983 665 ejusmodi
1016 608 1176 651 formis
1208 608 1488 664 cystocarpia
1518 608 1650 663 plura

72 683 380 734 coalescentia,
415 696 473 724 an
506 682 689 724 nucleos
722 682 871 737 plures
903 681 1023 722 intra
1054 679 1173 722 idem
1208 679 1541 735 cystocarpium
1562 679 1647 721 for·

72 760 217 797 matos
251 767 493 810 agnoscere
525 757 792 809 opporteret.
848 752 916 794 De
945 752 1159 807 Spyridion
1185 755 1288 793 ante
1311 751 1483 806 aliquot
1505 764 1648 792 annos

72 826 284 876 scribens,
330 826 639 868 demonstrare
682 828 870 866 conatus
903 837 1003 866 sum
1036 824 1084 865 in
1118 822 1362 878 Speciebus
1394 822 1533 876 hujus
1567 821 1648 864 Ge-

71 898 190 940 neris
239 897 349 940 alias
395 897 574 952 Species
620 895 834 939 obvenire
867 895 1025 937 nucleo
1059 894 1327 950 adparenter
1360 892 1553 949 simplici
1584 893 1647 934 in-

72 973 275 1020 structas,
320 973 363 1011 et
407 969 517 1010 alias
559 968 606 1009 in
649 967 813 1022 quibus
848 966 1059 1009 nucleum
1094 969 1163 1008 sat
1194 965 1436 1020 conspicue
1469 964 1646 1007 duobus

71 1045 149 1082 aut
180 1040 323 1082 tribus
356 1039 582 1082 fasciculis
615 1038 967 1093 gemmidiorum
1000 1041 1283 1088 contextum;
1318 1037 1389 1079 his
1418 1035 1646 1078 fasciculis

71 1125 252 1167 quoque
284 1111 480 1153 invicem
514 1110 599 1152 filis
633 1109 857 1152 sterilibus
891 1108 1107 1165 separatis
1133 1108 1251 1150 intra
1273 1107 1449 1150 frondis
1472 1112 1647 1162 partem

69 1186 419 1224 transmutatam
451 1196 589 1238 quam
623 1180 807 1223 nomine
840 1179 1118 1236 Cystocarpii
1145 1179 1382 1235 designare
1404 1178 1646 1234 Algologos

69 1254 208 1310 hujus
257 1253 343 1296 aevi
391 1253 513 1295 haud
556 1252 785 1300 dubitasse
827 1252 1044 1295 noverim.
1108 1251 1163 1292 In
1196 1251 1370 1293 Genere
1401 1264 1507 1293 vero
1543 1250 1646 1305 Spy-

68 1325 197 1368 ridica>
238 1339 420 1380 quoque
465 1324 574 1366 alias
614 1323 827 1366 obvenire
861 1322 1053 1379 Species,
1087 1323 1136 1364 in
1168 1322 1334 1377 quibus
1367 1322 1646 1378 cystocarpia

69 1396 315 1438 obveniant
356 1395 629 1451 subglobosa
670 1399 715 1437 at
755 1394 916 1437 triloba
948 1399 991 1436 et
1023 1393 1136 1450 quin
1167 1394 1307 1435 immo
1340 1393 1484 1435 tribus
1517 1392 1645 1435 fasci-

69 1467 182 1510 culis
214 1467 410 1510 invicem
438 1466 677 1522 disjunctis
700 1465 1049 1522 gemmidiorum
1073 1465 1314 1515 instructa;
1349 1464 1514 1520 quibus
1537 1478 1644 1507 vero

69 1538 258 1594 singulis
305 1538 530 1580 fasciculis
578 1552 760 1594 quoque
802 1537 980 1593 singula
1018 1551 1098 1579 sua
1131 1535 1432 1592 carpostomia
1463 1535 1646 1591 propria

67 1624 190 1652 nunc
240 1609 470 1660 adessent;
520 1609 629 1651 dum
678 1614 832 1651 tamen
874 1609 972 1651 aliae
1006 1622 1186 1664 quoque
1218 1608 1510 1650 innotuerant
1542 1606 1644 1663 Spe·

68 1681 169 1731 cies,
220 1695 332 1736 quas
380 1695 562 1736 quoque
609 1695 690 1723 suo
738 1681 1008 1723 evolutionis
1055 1679 1198 1735 gradu
1252 1679 1457 1735 Speciem
1505 1692 1643 1734 quam

69 1752 267 1794 maxime
320 1753 545 1795 evolutam
602 1752 789 1794 Generis
843 1752 998 1794 sistere
1050 1752 1204 1794 forsan
1253 1751 1354 1807 quis
1401 1750 1640 1807 putaverit,

65 1823 280 1866 nucleum
313 1824 564 1879 simplicem
597 1824 715 1866 intra
741 1823 1045 1879 pericarpium
1069 1823 1300 1878 proprium
1326 1827 1369 1865 et
1390 1836 1471 1864 suo
1493 1835 1644 1877 carpo-

67 1895 228 1936 stomio
276 1895 359 1937 rite
407 1894 586 1937 evoluto
633 1895 928 1937 terminatum
969 1898 1247 1950 generantes.
1314 1893 1360 1936 Si
1391 1893 1508 1936 inter
1541 1892 1643 1949 Spe-

66 1965 167 2015 cies,
203 1965 428 2021 ejusmodi
460 1965 794 2008 characteribus
827 1965 1073 2018 distinctas,
1097 1965 1345 2021 gemmidia
1366 1969 1520 2007 tamen
1542 1977 1642 2006 con-

65 2037 228 2079 formia
269 2037 482 2080 obvenire
524 2041 712 2087 constat,
753 2042 889 2092 atque
922 2037 1038 2080 inter
1070 2037 1151 2079 has
1185 2037 1365 2092 Species
1398 2062 1456 2066 —
1486 2036 1549 2078 ita
1581 2034 1642 2077 di-

66 2108 250 2150 stinctas
281 2134 340 2139 —
371 2123 455 2151 nec
502 2109 551 2150 in
598 2112 823 2151 structura
869 2108 1045 2151 frondis
1092 2123 1175 2152 nec
1216 2109 1264 2150 in
1309 2107 1641 2151 characteribus

65 2179 493 2235 sphaerosporarum,
544 2180 710 2236 quibus
758 2180 1037 2223 characteres
1078 2180 1217 2236 hujus
1256 2179 1443 2222 Generis
1477 2178 1640 2221 eximie

64 2249 284 2293 indicatos
337 2251 478 2294 fuisse
531 2256 717 2303 constat,
767 2278 831 2296 —.
873 2252 1149 2295 differentias
1201 2251 1431 2307 genericas
1485 2249 1640 2292 adesse

64 2322 320 2373 assumitur,
356 2336 507 2365 nonne
553 2337 709 2365 revera
757 2323 1023 2366 concludere
1070 2322 1222 2366 liceret
1269 2321 1640 2378 compositionem

64 2393 346 2448 suppositam
393 2393 516 2435 illam
564 2393 712 2436 nuclei
759 2394 881 2436 haud
930 2394 984 2436 iis
1031 2388 1254 2450 pertinere
1293 2392 1638 2442 characteribus,

64 2463 229 2517 quibus
271 2464 516 2507 affinitates
557 2465 742 2520 majoris
785 2466 1004 2508 momenti
1035 2466 1084 2508 in
1116 2465 1333 2508 Florideis
1366 2465 1635 2508 indicantur.

63 2533 197 2576 Finxi
229 2534 451 2591 ejusmodi
486 2535 803 2591 dispositiones
836 2537 955 2579 intra
988 2535 1143 2579 Genus
1167 2537 1491 2588 Floridearum‚
1516 2536 1637 2592 quod

63 2605 226 2648 eximie
274 2610 448 2649 naturae
496 2610 851 2650 consentaneum
899 2613 1093 2664 putares,
1141 2609 1356 2664 peculiari
1389 2622 1470 2650 suo
1502 2607 1635 2650 modo

61 2674 261 2719 indicare
315 2677 590 2732 quibusnam
642 2678 974 2721 characteribus
1025 2679 1074 2721 in
1127 2679 1345 2722 affinitate
1390 2678 1636 2735 judicanda

62 2747 203 2789 tutius
237 2748 443 2791 insistere
476 2752 749 2804 opporteret:
800 2749 1059 2792 Gemmidia
1089 2764 1246 2794 revera
1277 2765 1406 2793 suam
1439 2751 1635 2793 formam
