1779 3068
727 102 1051 143 GRACILARIAE.
1618 102 1671 142 67

110 220 177 261 20.
249 220 332 261 GR.
369 234 620 261 PARADOXA
655 220 698 262 J.
726 221 805 273 Ay.
830 234 950 261 mser.
975 219 1507 272 (Chondricst1)a›·acl0.<zrcc
1536 219 1672 261 Ham.

250 290 297 331 in
329 290 412 341 lit.)
432 289 483 343 ²³²).

109 421 322 462 fragmenta
348 420 519 462 quaedam
549 419 687 462 plantae
714 420 1023 463 microcystideae,
1054 431 1166 462 quam
1195 420 1257 453 Gir
1286 421 1522 463 Harveyanae
1550 420 1675 463 proxi-

109 489 208 512 mam
237 482 419 522 putarem,
440 479 519 511 haec
546 489 634 511 vero
661 478 714 511 ita
738 479 922 520 juvenilia
948 482 985 512 et
1012 480 1280 521 fragmentaria
1306 482 1347 512 ut
1365 479 1411 512 de
1430 479 1512 522 ipsa
1532 480 1673 522 planta,

109 537 168 571 cui
196 537 421 580 pertineant,
448 537 595 570 nullum
623 547 669 569 ex
696 537 756 569 his
781 537 966 579 judicium
994 539 1090 571 ferre
1117 538 1307 572 auderem.

251 595 282 638 ³⁵)
307 597 362 629 De
399 596 530 639 planta
567 606 666 636 vero,
711 606 823 637 quam
862 597 933 629 sub
972 597 1125 630 nomine
1167 597 1383 631 Cleondrioe?
1416 597 1617 640 paradox-(e
1656 608 1678 630 a

109 656 261 698 Harvey
301 655 390 688 olim
430 655 524 688 mihi
563 655 719 687 missam
756 655 883 695 habui,
918 658 955 688 et
982 656 1090 698 cujus
1117 656 1327 698 specimina
1354 656 1454 689 hand
1483 667 1601 699 pauca
1629 666 1674 689 ex

108 714 268 748 diversis
307 715 399 748 locis
438 713 628 747 natalibus
667 716 748 747 tum
784 714 897 748 Novae
924 714 1138 747 Hollandiae
1165 715 1351 755 australis,
1380 718 1459 748 tum
1488 715 1677 757 praecipue

109 773 353 807 occidentalis
391 773 598 815 <Bunbury‚
639 772 864 815 Geographe
902 773 986 815 bay,
1026 772 1240 816 Champion
1279 774 1363 816 bay,
1403 774 1512 807 Swan
1552 773 1680 815 River)

110 842 328 875 comparare
364 832 480 874 licuit,
517 835 597 865 tum
625 831 798 865 habitum
827 832 965 874 plantae
993 832 1103 873 longe
1129 832 1321 866 diversum
1349 844 1417 866 sua
1443 833 1614 866 crassitie
1641 836 1679 866 et

109 891 231 925 colore
256 892 336 925 fere
362 891 483 933 inagis
513 890 752 924 Clam-dariam
769 889 1067 934 flayelliformem
1095 892 1291 929 referente,
1319 902 1396 924 non
1422 893 1505 925 sine
1533 892 1677 926 haesita-

107 950 211 983 tione
250 950 412 993 quadam
451 950 564 983 hodie
603 950 650 983 ad
689 949 752 983 Gr.
781 950 1047 992 Harveyanam
1086 951 1257 992 proxime
1284 951 1526 984 accedentem
1553 951 1678 984 dicere

108 1019 223 1042 ausus
250 1019 347 1042 sum.
398 1009 556 1049 Qualem
584 1009 685 1042 enim
712 1012 793 1042 tum
821 1009 942 1052 ipsam
970 1009 1074 1041 illam
1111 1002 1371 1042 Chondriam'?
1398 1009 1629 1052 paradoxam
1657 1020 1679 1042 a

110 1068 262 1111 Harvey
288 1068 444 1101 missam
472 1068 601 1111 habui,
628 1068 788 1101 eandem
814 1071 895 1101 tum
923 1068 1182 1109 consistentia,
1214 1072 1295 1101 tum
1322 1068 1502 1111 adspectu
1530 1068 1676 1101 frondis

108 1127 160 1160 ita
186 1127 375 1161 diversam
402 1138 424 1160 a
452 1125 517 1161 Gr.
545 1126 771 1171 Harveyamz
797 1127 891 1160 mihi
918 1127 1150 1170 adparuisse,
1179 1130 1220 1160 ut
1244 1127 1469 1160 affinitatem
1488 1127 1677 1169 quandam

108 1186 321 1229 proximam
348 1186 412 1220 vix
438 1186 627 1229 quispiam
647 1187 798 1229 plantas
817 1186 1052 1229 comparanti
1071 1186 1339 1229 suspicandam
1360 1187 1439 1219 fore
1458 1189 1679 1219 assumeret.

109 1246 164 1278 De
190 1245 261 1279 hac
287 1256 376 1279 vero
403 1246 534 1289 planta
565 1245 787 1279 meminisse
819 1246 953 1289 placet,
981 1246 1140 1279 eandem
1167 1245 1207 1278 in
1235 1245 1412 1288 operibus
1441 1244 1679 1287 Harveyanis

107 1308 241 1347 postea
278 1315 347 1338 nec
386 1308 634 1338 memoratam
672 1305 804 1343 fuisse,
842 1316 912 1339 nec
949 1305 988 1338 in
1022 1305 1106 1338 aliis
1133 1305 1311 1348 operibus
1338 1304 1606 1346 Algologorum
1634 1303 1680 1336 de

110 1364 180 1397 hac
207 1364 440 1397 mentionem
467 1364 659 1406 quandam
685 1364 825 1398 factam
854 1364 942 1398 vidi.

250 1423 382 1466 Ipsum
409 1423 604 1466 specimen
630 1424 901 1467 Harveyanum
928 1423 1062 1457 sistere
1089 1423 1260 1466 plantam
1283 1422 1471 1465 juniorem
1491 1424 1529 1455 et
1546 1432 1679 1464 parum

109 1482 233 1515 adhuc
272 1492 478 1522 ramosam3
524 1482 688 1525 plurima
726 1493 826 1523 vero,
860 1493 943 1525 quae
981 1483 1063 1526 ipse
1101 1482 1275 1526 ejusdem
1314 1481 1525 1524 specimina
1550 1481 1678 1521 habui,

108 1540 243 1574 sistere
270 1542 483 1584 fragmenta
510 1541 655 1585 Speciei
682 1542 829 1585 validae,
856 1545 894 1576 et
919 1543 1002 1576 sine
1028 1542 1144 1576 dubio
1171 1542 1210 1574 in
1228 1541 1334 1574 littus
1354 1541 1504 1583 rejecta,
1525 1543 1562 1574 et
1581 1540 1680 1573 hanc

108 1600 239 1633 forsan
277 1600 325 1634 ob
364 1611 517 1634 causam
556 1611 706 1643 quoque
744 1604 883 1644 spreta.
933 1602 1106 1644 Denique
1132 1602 1171 1635 in
1198 1602 1270 1635 hac
1296 1601 1427 1644 planta
1453 1610 1514 1633 me
1540 1610 1679 1633 accres-

109 1659 220 1692 cendi
258 1659 413 1693 modum
452 1660 686 1703 observasse,
724 1661 778 1694 ita
815 1661 888 1694 sibi
927 1661 1118 1704 propriam
1158 1663 1201 1695 ut
1233 1660 1355 1703 ipsam
1382 1660 1481 1693 hanc
1508 1659 1679 1702 Speciem

109 1717 219 1751 siccis
246 1718 407 1761 pedibus
435 1719 605 1761 transire,
633 1719 728 1753 mihi
755 1719 820 1754 vix
846 1719 993 1754 licitum
1021 1723 1207 1763 putarem.

250 1777 346 1810 Mihi
372 1777 486 1820 igitur
512 1778 704 1821 colligenti
730 1789 785 1822 ea,
812 1789 895 1821 quae
922 1779 969 1812 de
995 1779 1083 1813 vitae
1110 1779 1322 1813 rationibus
1349 1778 1509 1812 diversis
1536 1778 1575 1810 in
1595 1778 1680 1820 Spe-

109 1835 239 1869 ciebus
277 1836 436 1870 Generis
473 1836 690 1871 Gracilariae
716 1838 800 1871 aliis
827 1849 976 1880 quoque
1003 1838 1181 1872 didicisse
1208 1838 1350 1881 putavi,
1377 1837 1680 1871 concludendum

109 1895 285 1938 adparuit
323 1895 417 1929 alias
456 1906 540 1930 esse
579 1897 742 1940 Species,
781 1907 874 1940 quas
913 1907 1059 1931 annuas
1097 1897 1222 1931 dicere
1257 1897 1396 1938 liceret,
1432 1896 1524 1929 alias
1552 1898 1679 1928 autem

109 1954 339 1988 curriculum
366 1965 444 1989 suae
471 1955 558 1989 vitae
584 1956 656 1990 sub
682 1956 843 1990 diversis
870 1956 981 1990 annis
1007 1956 1258 1999 perficientes,
1287 1958 1324 1989 et
1350 1956 1402 1988 ita
1428 1954 1499 1988 sub
1518 1953 1679 1988 diversis

111 2013 341 2047 evolutionis
376 2014 510 2048 stadiis
542 2026 620 2048 non
645 2018 795 2049 tantum
822 2015 1036 2049 habituales
1063 2026 1152 2049 suas
1179 2017 1288 2048 notas
1315 2017 1374 2048 sat
1400 2013 1603 2056 conspicue
1629 2012 1680 2045 di-

109 2082 237 2105 versas
276 2075 544 2115 monstrantes,
584 2074 651 2108 sed
690 2074 805 2108 etiam
844 2085 952 2108 suam
991 2077 1232 2117 structuram,
1272 2074 1370 2107 hanc
1409 2073 1457 2106 ob
1493 2072 1679 2106 rationem

109 2134 211 2165 certo
237 2132 401 2174 quodam
425 2133 538 2166 modo
564 2136 751 2167 mutatam
779 2133 994 2167 offerentes.
1034 2133 1208 2167 Plantam
1234 2133 1358 2175 igitur,
1386 2142 1498 2174 quam
1525 2131 1681 2164 nomine

114 2187 303 2225 Glzondriae
326 2190 526 2234 paradoxae
564 2203 586 2225 a
624 2193 778 2236 Harvey
816 2192 1059 2226 distributam
1098 2192 1237 2235 accepi,
1264 2202 1348 2225 esse
1378 2192 1540 2224 formam
1566 2200 1681 2233 quan-

109 2249 208 2292 dam,
236 2250 345 2293 cujus
372 2251 600 2284 evolutionis
627 2251 751 2285 stadia
775 2252 847 2285 sub
873 2252 995 2284 forma
1021 2251 1184 2294 quadam
1210 2251 1283 2284 sibi
1312 2250 1463 2293 propria
1481 2249 1678 2288 obvenire;

109 2311 147 2342 et
184 2308 390 2351 explicanti
430 2310 525 2343 mihi
565 2310 636 2343 hoc
674 2310 787 2343 modo
825 2311 988 2343 formam
1026 2310 1130 2343 illam
1169 2309 1401 2353 paradoxam
1440 2311 1522 2343 tum
1558 2307 1682 2342 stadia

108 2367 272 2410 juniora,
311 2378 395 2410 quae
434 2368 606 2410 ejusdem
645 2369 827 2403 habuisse
866 2371 969 2411 puto,
1007 2372 1088 2402 tum
1115 2369 1240 2403 adhuc
1275 2369 1396 2411 magis
1423 2368 1568 2409 senilia,
1597 2377 1681 2410 quae

108 2426 148 2459 in
186 2426 411 2468 fragmentis
449 2427 601 2470 rejectis
640 2428 842 2462 observare
874 2428 981 2462 licuit
1018 2428 1270 2462 consultanda
1299 2428 1567 2471 adparuerunt,
1595 2426 1681 2469 Spe-

110 2485 207 2519 ciem
233 2485 307 2518 sibi
333 2485 525 2528 propriam
551 2486 591 2519 in
617 2496 662 2519 ea
686 2487 1030 2529 recognoscendam
1057 2486 1201 2530 putavi.

255 2544 413 2584 Qualem
441 2544 563 2588 ipsam
590 2546 764 2579 frondem
789 2545 979 2589 juniorem
1007 2547 1122 2589 hujus
1150 2546 1213 2580 Gr.
1242 2546 1442 2589 paradoxae
1461 2555 1521 2579 me
1540 2545 1682 2579 vidisse

109 2606 214 2647 puto,
242 2604 402 2637 eandem
428 2603 468 2637 in
494 2604 768 2647 speciminibus
793 2605 1009 2648 junioribus
1036 2604 1156 2647 magis
1184 2607 1523 2649 purpurascentem
1550 2607 1587 2638 et
1612 2613 1683 2638 sua

110 2663 326 2697 substantia
352 2663 472 2705 magis
498 2663 877 2706 spongioso-carnosa
904 2663 1126 2705 molliorem,
1160 2665 1253 2699 6--8
1279 2664 1498 2708 pollicarem
1524 2667 1562 2698 et
1587 2673 1682 2698 cras-

110 2721 197 2755 sitie
235 2732 401 2765 pennam
440 2721 698 2756 columbinam
736 2723 776 2756 in
812 2722 1056 2757 inferioribus
1083 2724 1163 2757 suis
1190 2724 1362 2767 partibus
1390 2743 1433 2747 —
1459 2723 1682 2767 longissime

111 2791 200 2815 vero
227 2781 433 2815 attenuatis
460 2781 526 2815 vix
552 2784 777 2823 aequantem,
804 2781 919 2815 ramis
946 2783 1025 2816 fere
1043 2782 1284 2824 dichotomis‚
1303 2783 1442 2826 angulo
1461 2782 1682 2817 acutissimo

112 2840 297 2884 sejunctis
336 2840 530 2883 caespitem
568 2840 823 2875 formantibus
862 2841 947 2884 plus
985 2841 1112 2876 minus
1147 2842 1310 2877 densum
1340 2845 1378 2877 et
1403 2842 1683 2886 corymbosum·
