1779 3068
132 121 213 160 1⁸26
795 116 1034 159 HUSSEYA.

126 238 235 278 mihi
270 236 544 290 adparuisse,
579 248 667 289 quo
702 235 846 289 magis
879 234 1097 290 Typicam
1131 237 1333 291 plantam
1367 239 1473 282 novi
1506 239 1692 281 Generis

124 308 216 348 suis
250 306 346 347 aliis
380 305 724 354 characteribus,
765 311 807 346 et
841 305 1144 348 habitualibus
1178 312 1220 349 et
1253 322 1275 349 a
1310 309 1512 364 partibus
1546 310 1692 351 frueti-

124 378 228 419 feris
277 377 494 429 deductis,
544 390 681 431 quam
731 376 1065 418 evidentissime
1115 378 1269 421 Genus
1314 380 1395 422 rite
1434 379 1693 422 Chondrioi-

123 450 256 491 deum
292 450 401 490 mihi
436 449 790 490 demonstratum
827 448 1033 490 dicerem.
1091 449 1169 491 Sin
1205 464 1307 491 vero
1330 451 1516 507 insuper
1539 451 1692 493 Genus

122 522 183 562 ita
217 518 614 569 Chondrioideum,
659 532 840 573 quoque
874 533 955 560 sua
988 519 1280 574 dispositione
1313 522 1509 577 partium
1544 523 1691 565 fructi-

121 591 340 634 ficationis
388 590 486 632 aliis
532 590 889 632 Chondriearum
934 590 1184 633 Generibus
1218 593 1347 646 quasi
1380 594 1587 648 superius
1620 593 1693 635 ad-

120 663 280 717 paruit,
329 661 620 704 statuendum
666 661 821 703 forsan
856 675 1035 716 quoque
1069 662 1249 704 cuidam
1276 663 1522 718 videretur,
1557 670 1691 707 struc-

119 738 264 775 turam
315 733 477 774 dictam
530 746 610 774 suo
658 746 839 787 quoque
882 731 977 774 loco
1010 733 1209 776 indicare
1243 735 1391 789 potius
1424 736 1690 779 evolutionis

118 804 324 859 gradum,
371 817 508 858 quam
555 803 790 844 affinitatis
833 803 1051 845 indicium
1085 805 1200 846 inter
1233 805 1420 855 Genera,
1457 821 1558 862 quae
1591 821 1690 849 con-

118 875 253 917 simili
302 874 570 917 evolutionis
623 874 765 928 gradu
820 874 920 929 plus
975 875 1125 917 minus
1178 875 1369 931 analoga
1416 877 1687 920 viderentur.

118 946 374 1001 Husseyam
425 945 562 1000 igitur
604 945 866 987 Laurenciae
899 945 1120 988 affinitate
1154 949 1422 1002 proximam,
1457 954 1502 990 at
1535 949 1688 991 Genus

117 1018 269 1059 sistere
303 1017 407 1058 huic
441 1017 570 1071 quasi
604 1017 822 1071 superius,
858 1022 952 1058 tum
988 1018 1086 1072 ipsa
1120 1023 1345 1061 structura
1376 1020 1564 1068 frondis,
1590 1026 1686 1062 tum

118 1089 450 1131 characteribus
494 1089 687 1144 partium
730 1089 1102 1139 fructificationis,
1139 1104 1236 1145 quae
1270 1091 1317 1132 in
1353 1091 1560 1146 Husseya
1593 1107 1688 1147 pro-

116 1160 307 1201 veniunt
330 1161 457 1215 quasi
481 1160 526 1201 in
552 1160 755 1215 partibus
780 1161 984 1215 propriis,
1005 1161 1060 1202 ad
1084 1175 1136 1203 ea
1158 1163 1416 1217 generanda
1440 1163 1684 1206 destinatis.

258 1228 450 1285 Quoque
499 1232 582 1273 hoc
628 1231 724 1273 loco
773 1232 1032 1274 meminisse
1078 1233 1223 1288 placet
1259 1234 1462 1288 plantam
1495 1235 1686 1290 sphaero-

113 1303 380 1358 sporit'eram
414 1303 460 1343 in
495 1303 579 1344 hoc
613 1302 787 1345 Genere
820 1304 982 1345 offerre
1016 1304 1283 1347 evolutionis
1316 1305 1521 1360 gradum,
1548 1321 1684 1361 quem

113 1373 247 1416 simili
282 1373 416 1415 modo
450 1373 717 1428 perductum
751 1374 796 1415 in
831 1373 956 1415 nulla
988 1374 1075 1416 alia
1102 1375 1309 1417 Floridea
1332 1390 1402 1417 me
1425 1376 1686 1419 observasse

113 1449 245 1499 puto:
286 1444 343 1487 Ut
376 1445 494 1486 enim
530 1459 711 1500 organa,
747 1459 848 1500 quae
869 1445 1139 1500 jamdudum
1165 1447 1474 1497 observarunt,
1500 1449 1684 1490 nomine

115 1516 421 1558 Stichidz'orum
470 1521 512 1558 et
561 1517 928 1560 Nematlzeciorum
977 1519 1167 1573 cognita,
1204 1533 1316 1574 quae,
1363 1520 1513 1575 qualia
1551 1519 1684 1562 hodie

110 1587 336 1628 intellecta
383 1591 588 1642 putarem
640 1588 733 1643 (cfr.
770 1603 869 1643 quae
909 1588 963 1630 de
997 1589 1065 1630 liis
1098 1588 1212 1631 dixi:
1263 1591 1475 1644 Morphol.
1510 1591 1681 1633 Floria.

104 1674 149 1713 p.
184 1659 287 1713 163)
329 1658 608 1700 characteres
651 1659 811 1701 horum
847 1674 1117 1714 organorum
1154 1660 1367 1703 deductos
1401 1661 1594 1703 dicerem
1629 1677 1684 1704 ex

109 1729 243 1771 modo
276 1730 503 1785 peculiari,
539 1744 628 1785 quo
661 1730 781 1784 ipsas
815 1730 995 1773 cellulas
1030 1746 1197 1787 organa
1230 1732 1464 1775 fructifera
1497 1734 1681 1776 circum-

109 1801 268 1844 dantes
310 1806 632 1843 transmutatas
675 1808 904 1857 generant,
940 1804 1153 1845 nimirum
1197 1804 1375 1858 proprio
1411 1804 1541 1846 modo
1576 1805 1681 1848 ulte-

108 1872 201 1914 rius
235 1874 449 1923 evolutas‚
486 1878 527 1915 et
561 1874 643 1916 hac
677 1875 931 1917 evolutione
965 1875 1062 1930 ipsa
1094 1889 1263 1930 organa
1294 1876 1530 1918 fructifera
1562 1877 1680 1918 intra

107 1948 279 1997 partem
330 1944 562 1999 quandam
610 1945 905 1999 gelatinosam
955 1945 1235 1987 sustinentia.
1299 1945 1481 1987 Partem
1528 1947 1680 1988 fructi-

106 2016 250 2057 feram
286 2017 348 2057 ita
381 2017 706 2072 sphaerosporis
749 2022 1057 2072 praegnantem
1091 2017 1358 2071 plerumque
1391 2018 1552 2060 offerre
1585 2019 1680 2060 reti-

107 2088 259 2129 culum
310 2089 392 2130 filis
442 2088 883 2131 anastomosantibus
926 2094 1200 2138 contextum,
1246 2088 1367 2143 quod
1400 2089 1462 2130 ita
1495 2090 1679 2132 nomine

106 2159 386 2202 Nemathecii
436 2160 549 2202 bene
599 2160 879 2215 designatam
929 2160 1135 2202 dicerem.
1201 2160 1253 2201 In
1300 2161 1499 2215 Husseya
1531 2165 1679 2216 partes

104 2231 335 2273 frondium
385 2232 804 2287 sphaerosporiferas
852 2233 944 2274 fere
989 2232 1196 2287 globosas
1235 2238 1277 2274 et
1310 2233 1400 2274 fere
1432 2233 1477 2273 in
1513 2231 1678 2274 umbel-

104 2301 218 2343 lulas
266 2303 610 2358 pauci-radiatas
659 2304 879 2355 collectas,
928 2303 1056 2346 oculo
1105 2303 1226 2345 nudo
1266 2303 1494 2359 paulisper
1525 2303 1676 2358 gelati-

104 2387 236 2414 nosas
286 2374 393 2415 mihi
445 2389 626 2430 quoque
671 2375 932 2430 adparuisse
976 2375 1206 2427 >dicerem3-
1232 2374 1409 2417 easdem
1445 2388 1550 2416 vero
1585 2388 1677 2428 seg-

107 2445 268 2486 mentis
317 2446 447 2487 factis
496 2447 774 2488 examinanti
818 2447 929 2488 mihi
970 2461 1150 2502 quoque
1185 2446 1312 2501 quasi
1346 2446 1392 2487 in
1427 2445 1582 2487 loculis
1615 2443 1676 2485 di·

106 2515 291 2565 stinctis,
337 2516 431 2557 sine
475 2517 631 2559 ordine
665 2517 777 2559 bene
811 2517 1054 2572 conspicuo
1088 2517 1204 2558 circa
1236 2522 1406 2571 partem
1443 2515 1671 2570 quandam

103 2586 342 2627 ceriti-alem
378 2587 618 2643 dispositis,
652 2588 881 2630 continere
904 2588 1236 2643 sphaerosporas
1261 2588 1482 2643 triangule
1506 2587 1674 2629 divisas

103 2655 364 2710 adparuisse
412 2658 619 2700 dicerem.
685 2659 744 2701 At
792 2659 988 2709 cellulas,
1037 2659 1205 2700 loculos
1377 2663 1512 2700 antes
1550 2656 1673 2699 haud

103 2727 280 2780 proprie
315 2729 671 2771 nematheciosas
693 2729 810 2780 vidi,
852 2729 926 2771 sed
964 2730 1111 2784 potius
1144 2735 1347 2771 constare
1380 2729 1540 2771 cellulis
1572 2741 1672 2769 ana-

103 2799 465 2846 stmnosantibus,
518 2800 739 2849 brevibus,
792 2801 967 2851 minuti,
1018 2805 1060 2842 et
1105 2801 1200 2842 sine
1239 2800 1394 2841 ordine
1429 2800 1540 2841 bene
1573 2812 1672 2840 con·

103 2866 256 2919 spicue
307 2868 487 2909 densius
530 2870 797 2923 conjunctis,
842 2871 996 2925 quales
1030 2875 1148 2913 ortas
1184 2885 1372 2912 arcerem
1410 2869 1672 2924 multiplica-
