1779 3068
749 77 1067 120 GRACILARIAE.
1634 84 1683 124 71

123 193 192 234 23.
264 192 347 234 GR.
383 192 652 235 BLODGETTI
688 195 847 245 Harzm
878 195 921 238 J.
957 196 1038 250 Ay.
1073 197 1218 251 Epicr.
1248 212 1292 250 2).
1328 197 1484 253 416·*).

125 286 195 327 24.
266 285 349 327 GR.
386 300 602 328 ARGUATA
638 288 682 329 J.
718 287 798 341 Ay.
833 304 953 331 mser.
975 288 1055 343 Μ).

121 463 249 506 anguli
277 464 550 506 protrahuntur
574 463 614 497 in
640 465 766 507 apices
794 468 1132 507 anastomosanteS,
1160 468 1381 510 adspectum
1408 472 1445 503 ct
1471 471 1684 503 cohaerendi

120 522 276 556 modum
309 523 464 557 omnino
499 523 614 556 alium
642 524 721 556 fieri
749 526 862 566 patet.
915 525 1111 566 Ejusmodi
1139 526 1282 559 diceres
1309 528 1488 561 obvenire
1515 529 1685 562 differen-

118 581 211 615 tiam
239 581 336 615 inter
362 581 512 624 Species
539 582 742 615 nonnullas
768 582 1077 626 Microcystideas
1104 588 1141 617 et
1167 585 1258 619 alias
1287 586 1602 629 Plectocystideas
1624 599 1683 620 me

119 640 261 674 vidisse
287 644 391 683 puto,
417 640 464 674 de
490 640 627 683 quibus
656 651 752 683 aegre
777 641 925 683 dicitur,
957 645 1083 675 utrum
1111 644 1175 676 uni
1203 647 1269 677 aut
1295 644 1400 678 alteri
1427 646 1532 688 Typo
1561 646 1686 688 potius

118 699 429 741 adproximandae
456 699 683 733 viderentur.
728 700 926 743 Ejusmodi
955 704 1046 744 puto
1072 712 1119 735 ex
1146 713 1222 735 una
1248 706 1353 745 parte
1377 704 1439 737 Gr.
1462 705 1685 747 Harveyana

116 760 156 792 et
194 757 255 791 Gr.
283 758 499 799 secundata,
539 769 586 792 ex
625 758 742 792 altero
782 759 843 792 Gr.
873 760 1062 794 ramulosa
1094 764 1131 794 et
1157 762 1309 804 Species
1336 762 1428 795 alias
1455 763 1525 796 rite
1552 764 1686 805 plecto-

116 816 318 860 cystideas.
367 817 412 850 In
444 818 506 851 Gr.
534 818 762 861 Harveyana
800 821 837 852 et
875 818 938 852 Gr.
966 820 1173 853 secundata
1206 821 1340 854 ramuli
1368 821 1559 855 frondium
1587 822 1684 855 elon-

117 875 193 918 gati
233 879 270 910 et
307 876 419 918 longe
457 877 635 919 protracti
675 877 714 910 in
746 877 891 920 apicem
925 879 1044 912 multo
1077 879 1299 913 tenuiorem.
1351 880 1458 914 Grac.
1486 882 1685 915 ramulosae

115 935 287 978 typicum
313 936 477 969 dicerem
503 946 631 979 gerere
656 937 822 970 ramulos
849 937 988 970 eximie
1014 938 1241 972 secundatos
1272 939 1343 972 sub
1370 942 1449 972 tota
1474 950 1543 974 sua
1570 940 1684 982 longi-

117 994 250 1028 tudine
283 995 347 1028 vix
379 995 453 1028 nisi
487 995 570 1038 ipso
605 995 711 1038 apice
743 996 959 1030 acuminato
987 1007 1091 1039 aeque
1118 1000 1266 1031 teretes.
1317 998 1444 1040 Ipsam
1472 1009 1560 1032 vero
1588 999 1684 1033 lianc

117 1052 181 1087 Gr.
209 1053 437 1087 ramulosam
470 1065 620 1096 quoque
652 1055 839 1097 juniorem
867 1055 939 1089 rite
964 1056 1298 1099 plectocystideam
1325 1068 1385 1090 me
1412 1057 1552 1091 vidisse
1580 1061 1681 1100 puto.

114 1112 160 1145 In
199 1104 398 1146 frondibus
431 1113 693 1156 adultioribus,
727 1115 893 1148 ramulos
925 1115 1151 1149 secundatos
1179 1116 1372 1158 elongatos
1401 1117 1477 1150 vidi
1504 1120 1541 1150 et
1567 1120 1680 1151 struc-

115 1174 240 1204 turam
267 1172 492 1215 adparenter
519 1173 638 1215 magis
665 1173 1011 1217 plectocystideam.

259 1229 289 1273 Ψ)
316 1231 498 1274 Speciem,
537 1243 650 1274 quam
691 1232 779 1266 olim
819 1233 890 1266 sub
917 1234 1071 1267 nomine
1100 1232 1166 1268 Gr.
1193 1233 1375 1278 Blodyetti
1401 1246 1421 1268 a
1448 1236 1599 1278 Harvey
1626 1235 1684 1269 de-

112 1290 294 1332 scriptam
321 1291 508 1332 novimus,
536 1291 732 1334 hucusque
759 1292 889 1334 paucis
916 1296 1062 1326 tantum
1091 1293 1364 1336 speciminibus
1392 1294 1592 1336 cognitam,
1613 1305 1682 1328 1100

111 1349 237 1391 quoad
275 1350 521 1391 characteres,
561 1360 630 1383 1100
668 1351 792 1393 quoad
831 1352 1037 1385 affinitates
1074 1353 1144 1385 rite
1176 1352 1381 1395 judicatam
1410 1353 1533 1386 dicere
1560 1364 1681 1393 cogor,

113 1408 194 1441 suis
234 1408 491 1442 habitualibus
531 1410 630 1442 notis
664 1410 912 1444 suadentibus
940 1411 1110 1452 eandem,
1138 1411 1177 1444 in
1205 1411 1343 1444 vicinia
1370 1412 1432 1445 Gr.
1457 1422 1682 1454 compressae

113 1467 393 1510 disponendam
431 1478 515 1502 esse
553 1470 683 1502 forsan
718 1469 867 1503 facilius
895 1470 1099 1521 videretur5
1129 1473 1296 1504 attamen
1323 1471 1533 1504 accuratius
1561 1471 1682 1504 obser-

114 1526 219 1560 vanti
246 1530 474 1560 structuram
500 1528 645 1561 frondis
672 1528 901 1570 interiorem,
939 1530 1036 1562 hauc
1065 1532 1227 1571 (quoque
1252 1530 1293 1562 in
1320 1530 1425 1572 Spec.
1451 1529 1612 1572 juniore,
1641 1533 1678 1563 at
1721 1566 1724 1568 ,

114 1585 235 1619 multo
274 1585 488 1620 evidentius
528 1586 567 1619 in
605 1587 790 1620 adultior-e
829 1588 972 1630 planta)
1011 1588 1343 1632 plectocystideam
1384 1599 1443 1622 me
1476 1589 1615 1622 vidisse
1642 1592 1678 1622 et

114 1644 203 1678 hinc
243 1645 413 1688 Speciem
449 1657 518 1679 sua
548 1646 734 1680 affinitate
760 1647 806 1680 ad
835 1647 898 1681 Gr.
925 1647 1154 1680 ramulosam
1184 1667 1225 1671 —
1254 1648 1425 1690 Speciem
1453 1648 1567 1681 Novae
1595 1648 1682 1681 Hol-

112 1704 251 1739 landiae
278 1723 321 1727 —
347 1705 514 1745 tendere,
542 1705 637 1738 mihi
664 1706 777 1739 hodie
804 1717 1028 1749 persuasum
1055 1707 1183 1741 habui.

254 1764 358 1797 Inter
384 1764 533 1807 plantas
560 1764 682 1798 Florae
710 1763 1019 1808 Guafleloupensis
1044 1776 1066 1798 a
1089 1766 1282 1799 Fratribus
1302 1765 1452 1799 Orouan
1470 1765 1680 1806 distinctas,

111 1823 284 1866 Speciem
322 1823 420 1857 hanc
459 1824 734 1865 Americanarn,
773 1825 845 1858 sub
884 1825 1131 1867 sequentibus
1170 1825 1388 1858 nominibus
1428 1825 1607 1858 obvenire
1634 1836 1680 1857 ex

110 1882 385 1925 speciminibus
418 1883 510 1916 mihi
544 1883 728 1918 benevole
764 1884 810 1917 ab
838 1884 1065 1918 Auctoribus
1093 1884 1220 1917 missis
1247 1884 1376 1917 didici:
1417 1884 1585 1917 Plocaria
1611 1884 1682 1917 dis—

111 1941 313 1985 ciplinalis,
352 1941 559 1976 Gracilaria
595 1943 811 1984 divaricata,
852 1943 914 1977 Gr.
941 1943 1239 1986 secundiramea,
1279 1943 1577 1978 G1·.mexica11a.
1617 1943 1679 1977 Gr.

105 2000 291 2043 prolifica,
318 2001 455 2043 quibus
481 2001 641 2044 singulis
668 2002 771 2036 haud
797 2013 917 2045 pauca
943 2003 1209 2036 adscribuntur
1235 2013 1458 2045 synonyma,
1483 2012 1566 2044 quae
1586 2002 1678 2034 mihi

112 2060 215 2093 haud
242 2070 373 2102 parum
402 2060 523 2094 dubia'
543 2061 764 2104 adparuisse
789 2062 914 2096 dicere
940 2072 1063 2104 cogor.

256 2117 313 2161 Μ’)
339 2119 415 2153 Sub
443 2120 513 2153 hoc
539 2120 694 2153 nomine
720 2121 1029 2163 distinguendam
1062 2121 1192 2164 putavi
1219 2122 1390 2161 formam,
1418 2121 1481 2153 diu
1510 2123 1551 2153 ut
1577 2123 1678 2162 puta-

110 2188 191 2211 rem
230 2178 328 2212 male
363 2178 605 2213 intellectam.
657 2179 826 2213 Primum
860 2181 959 2223 quod
987 2181 1102 2223 hujus
1131 2180 1274 2223 Speciei
1302 2180 1495 2222 specimen
1522 2190 1567 2212 ex
1596 2180 1677 2221 Key

110 2237 218 2270 West
255 2248 275 2270 a
313 2238 430 2272 Harv.
469 2239 575 2272 Febr.
605 2238 696 2272 1850
734 2240 873 2273 lectum
914 2240 1068 2273 nomine
1108 2240 1170 2273 Gr.
1198 2242 1351 2273 armatae
1390 2238 1625 2280 inscriptum,
1658 2248 1679 2271 a

112 2295 244 2339 Specie
269 2297 546 2331 mediterranea
571 2298 642 2331 sub
669 2299 801 2332 eodem
829 2299 983 2332 nomine
1010 2299 1199 2341 descripta
1225 2301 1283 2331 sat
1310 2297 1512 2340 conspicue
1530 2297 1674 2333 differt;

112 2355 185 2389 hoc
211 2365 299 2389 vero
325 2356 486 2389 formam
508 2357 673 2390 sterilem
695 2360 732 2391 et
749 2368 819 2391 sua
836 2358 1120 2391 ramificationis
1141 2368 1272 2390 norma
1290 2360 1327 2390 et
1344 2367 1413 2389 sna
1432 2355 1677 2406 consistentia

110 2414 230 2456 magis
257 2414 304 2448 ad
331 2415 393 2448 Gr.
421 2426 674 2458 compressam
704 2417 945 2451 accedentem
975 2418 1062 2451 vidi.
1112 2418 1247 2450 Postea
1273 2416 1482 2458 specimina
1508 2419 1586 2447 tum
1616 2425 1676 2447 no-

110 2473 213 2527 {nine
241 2473 303 2507 Gr.
330 2474 556 2508 cervicornis
584 2486 659 2510 var.
687 2477 907 2518 Montagnei
935 2477 1115 2519 inscripta
1143 2475 1272 2512 habui:
1301 2478 1380 2508 tum
1409 2474 1571 2515 denique
1594 2483 1675 2506 ean-

110 2532 198 2566 dem
226 2533 386 2566 formam
412 2534 451 2567 in
479 2535 610 2577 Specie
636 2535 700 2569 diu
728 2536 767 2569 in
799 2536 994 2569 Herbariis
1022 2536 1213 2568 Danorum
1240 2537 1387 2566 servata
1415 2544 1459 2565 ex
1487 2533 1562 2565 Ins.
1591 2534 1675 2565 Sztae

112 2590 244 2626 Crucis
277 2604 298 2625 a
330 2593 438 2627 Ravn
471 2593 578 2636 lecta,
614 2605 697 2637 quae
725 2595 970 2638 cystocarpiis
998 2595 1178 2627 instructa
1207 2596 1243 2625 et
1269 2591 1483 2625 substantia
1508 2602 1574 2624 sua
1603 2602 1675 2623 cau·-

110 2651 292 2694 tilaginea
315 2652 359 2695 (si
387 2663 463 2686 non
491 2663 628 2687 cornea
653 2653 831 2695 dicerem)
856 2654 1045 2687 distincta.
1098 2653 1291 2686 Structura
1319 2651 1463 2683 frondis
1491 2650 1528 2682 in
1555 2650 1673 2691 junio-

109 2710 216 2743 ribus
255 2714 482 2754 comparata,
521 2713 619 2746 hanc
658 2714 859 2746 observare
898 2712 1035 2746 credidi
1079 2710 1404 2753 microcystideam
1446 2719 1674 2751 quamquam

110 2779 261 2812 quoque
299 2770 339 2803 in
378 2770 448 2804 hac
486 2771 640 2805 cellulas
675 2772 763 2811 vidi,
791 2782 883 2813 quas
911 2771 1034 2804 saltim
1065 2770 1190 2803 minus
1218 2769 1435 2811 regulariter
1462 2768 1675 2801 rotundato-

111 2828 309 2870 angulatas
336 2829 546 2864 observavi.
591 2830 814 2873 Comparata
844 2840 931 2864 vero
958 2830 1109 2862 demum
1137 2831 1324 2861 structura
1345 2828 1381 2860 in
1401 2827 1674 2870 speciminibus
