1779 3068
104 203 205 243 quae
251 188 307 228 ad
357 186 678 227 Floridearum
718 185 891 224 formas
927 184 1090 223 melius
1125 183 1469 235 cognoscendas
1503 183 1680 224 condu-

103 278 202 307 cere
252 264 500 314 crederem,
550 275 622 302 me
671 274 822 314 operae
868 260 1067 314 pretium
1114 260 1343 300 facturum
1378 259 1606 313 adparuit,
1640 260 1679 300 si

104 344 191 382 hoc
234 342 335 381 loco
378 340 552 380 indices
596 351 780 391 quoque
820 337 1024 377 dederim
1060 336 1325 390 Specierum
1359 341 1401 376 et
1434 336 1680 387 Generum,

105 431 207 472 quae
250 418 295 457 in
340 417 558 470 operibus
604 415 701 455 istis
739 414 1030 455 collectaneis
1064 418 1142 454 aut
1175 413 1500 453 describuntur
1533 426 1680 464 novae,

104 500 183 536 aut
229 494 381 548 quoad
426 497 679 533 structuras
723 496 764 532 et
808 491 1055 531 affinitates
1099 490 1303 543 quodam
1340 490 1479 530 modo
1514 490 1683 530 melius-

106 573 396 612 illustrantur
416 569 469 624 ³⁵⁶).

250 648 522 688 Mantissam
572 647 708 699 igitur
756 646 1085 686 collectaneam
1128 644 1265 685 hodie
1308 644 1416 684 dare
1459 644 1599 693 volui,
1633 643 1678 683 in

106 739 197 780 qua
240 725 563 779 supplementa
606 723 821 777 quaedam
862 723 1032 763 dantur
1063 726 1162 762 tum
1196 721 1513 762 voluminibus
1547 724 1680 760 antea

107 803 162 843 de
209 802 432 842 Florideis
476 801 764 854 conscriptis,
808 805 905 840 tum
947 799 1121 840 indices
1155 798 1311 839 videas
1346 797 1685 849 Floridearum,

107 893 210 933 quae
259 884 337 919 aut
386 880 432 918 in
482 878 600 919 Βίαν.
636 878 730 930 Azy.
766 878 878 930 Syst.
924 881 1002 916 aut
1048 876 1092 916 in
1133 876 1260 916 Amal.
1296 876 1433 928 Alqol.
1469 878 1547 914 aut
1580 874 1682 914 aliis

108 957 220 998 locis
255 970 279 997 a
315 969 387 996 me
421 955 661 1008 descriptae
696 959 774 994 aut
809 958 1075 994 memoratae
1109 953 1379 999 obveniant;
1422 956 1521 991 tum
1555 951 1681 991 deni-

109 1047 197 1088 que
231 1046 384 1074 meam
418 1033 686 1086 opinionem
727 1031 836 1071 dare
875 1044 1015 1071 ausus
1050 1044 1153 1070 sum
1187 1030 1242 1070 de
1276 1033 1445 1070 conatu
1479 1041 1682 1082 quorun-

109 1112 217 1152 dam
267 1110 636 1164 Reformatorum,
687 1109 766 1162 qui
816 1113 950 1148 antea
998 1108 1153 1148 datam
1200 1106 1547 1160 Systematicam
1592 1105 1685 1145 dis-

110 1188 387 1242 positionem
423 1186 743 1226 Floridearum
779 1185 1137 1225 subvertendam
1172 1188 1346 1236 urgent.

253 1364 284 1406 ²²)
312 1363 370 1398 De
399 1362 682 1408 Morpholoyia
710 1361 1005 1403 Floridearum,
1030 1360 1071 1395 in
1091 1370 1217 1406 opere
1237 1359 1423 1394 suethice
1443 1358 1687 1403 conscripto

108 1422 424 1467 (»FI01²icIee1‘11es
465 1420 758 1467 Morpholoyi»)
797 1421 838 1455 in
878 1420 988 1455 Actis
1035 1418 1346 1454 Holmiensibus
1383 1416 1686 1462 (⁷›Ve1enslcaps-

111 1481 384 1517 Akademiens
424 1480 707 1526 Handlingmr»
737 1480 857 1524 (1877)
882 1480 958 1523 4:o)
988 1479 1032 1513 15
1061 1478 1220 1514 Bandet
1257 1477 1509 1520 introducto,
1548 1476 1687 1511 [eones

112 1541 208 1576 dedi
248 1541 456 1576 Generum
497 1540 801 1583 Floridearum,
840 1538 980 1584 qualia
1022 1538 1180 1573 Genera
1213 1537 1294 1572 hoc
1321 1539 1510 1582 tempore
1537 1534 1688 1570 intelli-

111 1600 244 1647 genda
285 1599 438 1646 putavi.
492 1599 537 1634 In
578 1598 777 1645 operibus
818 1600 962 1644 postea
1003 1596 1161 1643 publici
1195 1596 1303 1642 juris
1340 1595 1471 1639 sactis,
1508 1595 1549 1630 in
1577 1594 1685 1629 Actis

114 1658 400 1695 Lundensibus
424 1658 572 1704 (fflidr.
595 1658 653 1692 till
670 1657 864 1703 Alyernes
882 1655 1152 1702 systematilc»;
1181 1655 1394 1690 »Analecta
1414 1653 1690 1700 Alyoloyica»)

112 1719 250 1754 leones
283 1721 539 1753 structuram
578 1720 617 1752 et
648 1716 884 1752 fructiferas
915 1719 1052 1761 partes
1081 1715 1350 1759 illustrantes,
1378 1724 1547 1760 quoque
1573 1722 1688 1758 saepe

114 1778 285 1819 adsunt;
315 1788 419 1823 quas
447 1777 488 1812 in
518 1777 671 1820 Indice,
699 1776 825 1811 hodie
852 1776 962 1819 dato,
990 1785 1158 1821 quoquc
1187 1776 1440 1809 memoratas
1466 1772 1620 1808 videas.
