1779 3068
724 77 1049 118 GRACILARIAE.
1613 80 1669 120 93

801 195 913 236 riore
952 195 1145 248 maryz'ne
1187 196 1349 248 stipitis
1378 197 1530 250 phylla
1561 210 1669 239 nova

803 265 1038 318 conformia
1073 267 1382 319 qaum-antibus.

101 371 172 413 52.
244 369 327 411 GR.
364 369 731 410 CUNNINGHAMII
770 371 944 412 Farlow
976 385 1095 412 mser.
1119 370 1170 425 ss).

628 497 764 523 *****
801 500 953 552 Stipite
976 500 1152 553 frondis
1178 505 1349 543 cuneata
1374 507 1417 543 at
1440 503 1668 544 dichotomo

802 574 839 611 et
870 584 1048 622 superne
1077 575 1302 623 yenerante
1332 572 1484 625 phylla
1515 574 1668 626 maryt-

800 641 923 682 nalia
976 641 1211 694 conformia
1265 647 1300 683 et
1351 644 1667 694 adproximata,

790 711 1042 765 flabellatim
1083 726 1274 765 eavpansa
1311 718 1348 753 et
1379 713 1475 765 ipsa
1506 714 1671 755 iteratis

799 782 961 824 vicibus
1004 783 1354 836 snbconformz'ter
1386 784 1524 825 divisa
1548 785 1670 838 fron-

801 853 892 894 dem
917 853 1237 908 palmatz‘ficlam
1270 868 1377 906 soepe
1402 855 1670 908 mentientia,-

799 924 1020 977 seymcntz's
1058 924 1222 966 ultimis
1259 939 1368 966 nunc
1400 925 1667 976 acuminatis,

800 1009 913 1037 nunc
967 995 1106 1047 matois
1159 996 1337 1046 obtusv's‚·
1399 997 1672 1049 cystocaipiz's

245 1162 278 1205 ³⁶)
305 1163 381 1196 Sub
413 1162 569 1196 nomine
606 1161 719 1196 Rhod.
750 1161 1035 1205 Cnvziziozylcanzii
1062 1161 1163 1195 Farl.
1192 1163 1360 1205 Speciem
1389 1173 1435 1196 ex
1464 1162 1671 1197 California

101 1223 258 1256 missam
297 1221 425 1263 habui,
460 1232 572 1264 quam
608 1222 778 1264 Speciem
811 1221 944 1254 sistere
970 1221 1068 1254 bene
1094 1221 1312 1255 distinctam
1340 1222 1515 1255 lubenter
1541 1233 1670 1264 agnos-

101 1292 235 1323 cerem,
263 1292 376 1323 quam
403 1292 492 1315 vero
520 1291 587 1314 nec
613 1280 889 1323 Rhodymeniae
928 1280 1097 1323 Speciem
1125 1280 1260 1313 sistere
1287 1284 1470 1323 putarem,
1497 1292 1565 1314 nec
1592 1282 1670 1315 scio

100 1341 256 1375 ubinam
295 1351 379 1374 eam
417 1341 489 1374 sub
525 1340 680 1373 nomine
717 1340 805 1373 dato
832 1339 1075 1382 descripserit
1100 1339 1256 1373 Farlow.
1306 1340 1368 1373 Me
1395 1350 1483 1373 vero
1510 1341 1668 1374 eandem

101 1400 166 1434 diu
204 1400 244 1433 in
284 1399 469 1433 Herbario
507 1402 694 1432 servatam
736 1399 916 1432 habuisse
955 1398 1048 1431 mihi
1085 1399 1277 1440 quondam
1304 1410 1324 1432 a
1350 1399 1446 1432 D1na
1481 1400 1668 1441 Bingham

100 1460 270 1502 missam,
297 1461 335 1492 et
360 1458 451 1501 quin
478 1458 594 1491 immo
621 1458 775 1491 nomine
807 1457 869 1491 Gr.
897 1457 1132 1497 Binghamiae
1160 1468 1181 1490 a
1206 1468 1267 1491 me
1294 1458 1525 1500 inscriptam.

243 1517 369 1551 Hodie
407 1528 496 1551 vero
532 1517 690 1550 eandem
729 1517 941 1550 accuratius
968 1517 1186 1550 observanti
1214 1517 1307 1549 mihi
1335 1517 1556 1559 adparuisse
1583 1518 1669 1560 Spe-

100 1577 197 1611 ciem
235 1577 456 1610 nullomodo
494 1576 780 1619 Rhodymeniae,
820 1576 887 1609 sed
927 1575 1144 1609 Gracilariae
1180 1576 1219 1608 in
1255 1586 1299 1609 ea
1324 1577 1668 1618 recognoscendam

100 1647 195 1677 esse,
235 1636 419 1669 suadente
456 1638 539 1669 tum
577 1635 697 1678 ipsius
734 1635 961 1678 cystocarpii
995 1638 1195 1675 structura,
1223 1638 1303 1668 tum
1331 1636 1558 1678 comparatis
1586 1636 1669 1670 aliis

101 1696 318 1739 Speciebus,
358 1695 472 1728 hodie
510 1695 557 1728 ad
596 1694 822 1727 Gracilarias
861 1694 999 1727 relatis.
1053 1694 1325 1727 Habitualibus
1362 1694 1541 1728 nimirum
1569 1696 1669 1729 notis

101 1755 261 1789 eandem
288 1754 335 1787 ad
363 1754 425 1788 Gr.
452 1754 696 1797 polycarpam
724 1764 813 1786 mox
840 1764 955 1796 supra
981 1753 1208 1795 descriptam
1237 1753 1409 1795 proxime
1428 1754 1669 1788 accedentem

99 1817 289 1858 putarem;
319 1813 469 1855 longius
495 1816 624 1846 tamen
652 1824 673 1846 a
698 1813 893 1855 superiore
913 1831 956 1835 —
982 1812 1102 1854 magis
1130 1812 1482 1855 Rhodymenioidea
1502 1832 1544 1836 —
1565 1816 1670 1856 parte

100 1874 140 1907 in
173 1873 344 1916 stipitem
377 1875 529 1906 tenuem
568 1875 605 1905 et
631 1872 742 1914 longe
769 1874 972 1905 cuneatum
1000 1872 1234 1911 decurrente,
1262 1874 1440 1914 at-supra
1467 1872 1564 1905 hanc
1592 1884 1670 1915 par—

99 1935 177 1966 tem
203 1932 353 1974 longius
380 1932 533 1972 nudam,
560 1942 662 1964 nunc
688 1941 838 1973 quoque
863 1941 973 1973 parce
992 1930 1261 1973 dichotomam,
1279 1941 1443 1973 superne
1461 1941 1668 1973 expansam

100 1991 179 2026 vidi
217 1991 257 2024 in
296 1994 442 2034 partem
476 1990 684 2031 dilatatam,
716 1990 974 2024 dichotomam
1001 1993 1067 2023 aut
1093 1990 1363 2032 subpalmatim
1391 1990 1532 2030 fissam,
1561 1991 1669 2033 cujus

99 2053 297 2094 segmenta
334 2060 435 2083 nunc
473 2050 544 2083 rite
582 2049 762 2093 patentia,
797 2060 899 2083 nunc
933 2049 1079 2082 intimis
1106 2049 1389 2082 subincurvatis
1415 2060 1517 2082 nunc
1544 2052 1670 2092 paten-

98 2109 202 2144 tibus
229 2109 403 2150 dicerem,
431 2111 497 2142 aut
522 2109 582 2142 his
610 2109 730 2151 magis
766 2109 1041 2152 adproximatis
1073 2108 1119 2141 ad
1146 2108 1351 2150 palmatam
1379 2108 1669 2150 dispositionem

100 2169 359 2210 tendentibus,
398 2168 492 2211 ipsis
531 2168 704 2211 apicibus
742 2168 949 2201 attenuatis
989 2171 1027 2201 at
1065 2167 1223 2201 obtusis.
1276 2166 1521 2209 Cystocarpia
1555 2178 1670 2210 supra

99 2230 198 2262 totas
237 2228 395 2271 paginas
433 2227 512 2261 fere
550 2238 692 2270 sparsa,
730 2228 882 2271 juniora
920 2238 1053 2270 parum
1087 2226 1313 2270 prominula,
1340 2226 1464 2259 frondi
1491 2226 1670 2259 immersa

99 2287 250 2321 cuidam
276 2287 405 2320 forsan
431 2286 650 2321 viderentur
687 2287 839 2320 demum
868 2290 927 2320 sat
953 2287 1156 2329 conspicue
1183 2296 1298 2328 supra
1324 2285 1480 2327 paginas
1508 2295 1666 2324 emersa,

101 2345 311 2390 pericarpio
350 2345 442 2387 quin
479 2346 597 2379 immo
629 2345 737 2388 quasi
769 2346 815 2379 ad
842 2346 973 2379 basem
1001 2345 1221 2383 constricto;
1250 2344 1288 2376 in
1316 2354 1385 2376 sua
1412 2343 1537 2376 media
1564 2346 1669 2386 parte

101 2404 233 2438 eadem
266 2404 401 2438 offerre
437 2405 515 2439 vidi
551 2405 764 2447 placentam
796 2405 972 2447 validam,
1001 2405 1109 2447 cujus
1137 2404 1175 2436 in
1202 2402 1401 2445 superficie
1428 2402 1669 2435 circumcirca

100 2463 301 2497 observare
333 2463 473 2497 credidi
510 2464 724 2506 gemmidia,
765 2464 872 2506 quasi
899 2464 938 2497 in
964 2463 1153 2496 immersis
1180 2461 1391 2495 cavernulis
1418 2460 1667 2493 fasciculatim

102 2522 381 2564 provenientia;
421 2522 475 2555 ita
509 2525 736 2556 structuram
764 2522 889 2556 nuclei
916 2521 1168 2555 monstrantia
1194 2531 1305 2562 quam
1334 2519 1548 2553 Gracilariae
1576 2519 1668 2561 typi-

100 2591 183 2614 cam
221 2581 373 2615 credidi.
423 2582 469 2615 In
506 2582 725 2625 specimine,
766 2582 866 2624 quod
904 2582 1019 2624 hujus
1059 2579 1204 2622 Speciei
1243 2589 1354 2620 quam
1396 2578 1561 2610 maxime
1587 2588 1670 2611 evo-

100 2639 225 2673 lutum
251 2640 490 2683 conjicerem,
517 2640 596 2675 vidi
622 2651 644 2674 a
668 2641 815 2675 frondis
842 2641 952 2674 senili
979 2639 1140 2681 quadam
1175 2638 1401 2680 persistente
1427 2639 1532 2679 parte
1559 2647 1667 2670 secus

100 2701 201 2733 totos
239 2700 429 2742 margines
468 2700 600 2743 phylla
635 2710 735 2735 nova
766 2699 1038 2743 provenientia,
1067 2699 1119 2731 ita
1146 2698 1216 2730 hoc
1244 2696 1355 2729 modo
1382 2695 1667 2737 congruentiam

102 2757 337 2792 habitualem
363 2769 513 2801 quoque
539 2759 792 2792 monstrantia
818 2769 903 2791 cum
931 2757 1014 2790 aliis
1047 2756 1263 2798 Speciebus,
1291 2755 1361 2788 hoc
1388 2754 1469 2788 loco
1496 2754 1668 2796 proxime

103 2816 311 2860 dispositis,
