1779 3068
83 80 108 121 8

80 196 369 239 observatum
402 190 542 233 fuisse
575 188 678 239 scio,
713 201 795 229 nec
827 200 854 228 a
885 184 1050 227 Davies
1083 182 1166 224 hoc
1199 181 1478 236 suspicatum
1510 178 1652 220 fuisse

82 265 268 309 memini
289 263 340 319 ³²).

226 334 359 384 Quod
391 337 543 375 autem
574 330 674 386 jure
706 327 903 384 quodam
927 340 952 368 a
974 322 1361 368 Reformatoribus
1389 320 1653 377 Systematis

82 406 393 450 Floridearum
425 402 575 458 urgeri
607 404 826 457 putarem,
862 397 906 439 id
941 410 1188 453 quaererem
1221 395 1269 436 in
1301 408 1365 445 eo,
1397 392 1519 447 quod
1552 390 1655 434 aliis

82 475 415 522 characteribus
448 474 582 517 aliam
615 472 709 515 vim
742 468 1076 512 attribuendam
1111 480 1206 509 esse
1238 465 1398 507 merito
1429 463 1651 515 indicant3

82 551 119 592 si
167 561 348 604 quoque
391 544 726 588 distinctionem
768 542 936 583 factam
970 538 1240 582 subnomine
1272 537 1350 580 vix
1381 535 1464 578 rite
1497 533 1655 577 intelli-

81 620 250 676 gendo:
300 615 628 672 »physiological
675 614 937 656 characters»
992 609 1234 666 Systemati
1281 608 1465 650 Naturae
1513 605 1655 649 vindi-

82 696 228 735 catam
276 689 416 731 fuisse
464 689 693 742 putarunt.
760 684 874 726 Sunt
921 695 1076 725 revera
1116 681 1232 723 inter
1270 678 1498 721 Florideas
1531 677 1655 720 velut

82 762 198 805 inter
246 761 355 803 alias
403 758 540 814 Algas
588 755 775 813 quidam
819 754 1110 803 characteres,
1150 751 1315 807 quibus
1349 749 1479 805 quasi
1511 746 1657 803 magis

84 848 139 877 ex
183 832 352 876 vivendi
383 830 516 872 modo
549 826 854 883 congruentiae
886 828 1171 881 generantur,
1207 836 1319 878 quas
1352 825 1505 863 tamen
1539 833 1657 875 saepe

83 904 166 948 sub
216 903 399 946 nomine
446 900 761 945 characteribus
807 897 1098 940 habitualibus
1145 893 1392 937 intellectas
1434 895 1654 947 putarem,

84 976 249 1032 quibus
283 973 551 1017 ducentibus
584 984 706 1013 nunc
739 982 919 1025 quoque
952 966 1197 1009 affinitates
1229 964 1462 1014 indicatas,
1502 963 1658 1005 forsan

83 1047 259 1090 facilius
309 1045 410 1101 quis
457 1042 694 1100 putaverit.
760 1042 1071 1094 Momtropam,
1108 1038 1352 1080 Lathroeam
1393 1039 1436 1077 et
1475 1034 1659 1076 Orchom-

85 1120 197 1162 chem
244 1115 561 1159 similitudines
608 1114 771 1156 offerre
819 1110 1065 1154 admodum
1115 1108 1381 1163 conspicuas
1422 1106 1500 1149 vix
1542 1104 1660 1160 quis-

84 1190 208 1246 piam
257 1188 519 1243 denegaret;
569 1186 665 1227 haee
706 1187 857 1226 autem
901 1182 1078 1224 Genera
1111 1180 1299 1223 diversis
1332 1176 1517 1220 familiis
1550 1178 1660 1232 jam-

85 1260 261 1302 dudum
309 1258 445 1300 relata
492 1257 632 1298 fuisse
675 1255 906 1298 novimus:
943 1251 1221 1295 conveniunt
1252 1254 1406 1292 tamen
1438 1249 1659 1291 characte-

85 1331 221 1381 ribus,
272 1343 384 1385 quos
432 1326 764 1384 physiologicos
811 1324 989 1367 facilius
1038 1323 1140 1379 quis
1189 1322 1367 1372 diceret,
1419 1323 1464 1362 at
1505 1332 1660 1361 revera

85 1400 429 1445 similitudinem
473 1400 572 1442 vitae
604 1398 697 1454 (aut
729 1397 776 1439 in
807 1396 906 1452 ipso
938 1394 1123 1439 vivendi
1155 1392 1305 1448 modo)
1337 1389 1658 1440 indicantibus,

85 1487 167 1516 nec
215 1472 465 1528 affinitates,
515 1469 670 1526 quales
712 1469 760 1510 in
799 1468 1062 1524 Systemate,
1098 1464 1219 1520 quod
1252 1463 1435 1506 Naturae
1469 1460 1662 1504 credide-

85 1548 203 1595 runt,
255 1542 522 1599 quaerimus3
573 1545 616 1583 et
663 1539 823 1596 spretis
871 1539 940 1580 his
989 1535 1295 1592 congruentiis
1343 1533 1521 1589 singula
1563 1532 1662 1574 haec

88 1616 264 1658 Genera
296 1614 388 1657 suis
421 1612 634 1656 affinibus
667 1637 727 1642 —
758 1611 794 1653 si
828 1623 1009 1666 quoque
1046 1608 1205 1650 habitu
1239 1605 1429 1650 diversis
1462 1629 1520 1634 ——
1552 1603 1661 1645 refe-

85 1686 240 1737 renda,
275 1685 433 1728 merito
466 1685 562 1727 sine
595 1683 732 1726 dubio
764 1681 898 1724 hodie
926 1684 1122 1736 urgetur.
1178 1679 1271 1721 Nec
1294 1677 1421 1720 aliter
1442 1676 1490 1718 in
1514 1674 1660 1730 Algis:

88 1762 193 1800 sunt
239 1757 356 1799 inter
402 1755 710 1798 Laminarieas
759 1754 947 1804 Genera,
997 1752 1045 1793 in
1086 1750 1253 1806 quibus
1286 1748 1496 1793 vesiculae
1533 1760 1663 1803 gene·

88 1834 257 1879 rantur,
292 1827 499 1870 habitum
533 1825 811 1869 Fucoideum
843 1824 913 1867 his
940 1823 1207 1873 tribuentes3
1243 1824 1348 1864 sunt
1371 1821 1487 1862 inter
1509 1818 1663 1861 Fucoi-

234 1994 266 2037 ³²)
292 1995 594 2038 Sphaemspoms,
621 2003 715 2035 quas
741 1992 781 2025 in
808 1991 986 2026 omnibus
1013 1989 1197 2024 Florideis
1224 1988 1324 2023 veris
1351 1986 1531 2022 obvenire
1549 1984 1665 2020 hodie

88 2054 363 2098 suspicandum
388 2053 590 2095 videretur,
618 2062 769 2095 semper
804 2050 975 2094 generari
1005 2048 1342 2083 transformatione
1368 2046 1514 2081 cellulae
1541 2045 1663 2088 cujus—

88 2105 177 2149 dam
213 2113 322 2148 strati
347 2112 534 2147 corticalis
560 2111 719 2145 frondis.
771 2110 837 2144 sin
863 2120 951 2144 vero
982 2109 1109 2152 ipsum
1135 2108 1208 2141 hoc
1234 2107 1410 2141 corticale
1436 2107 1597 2139 stratum
1622 2103 1664 2138 in

89 2174 173 2208 aliis
201 2173 413 2208 Generibus
440 2175 477 2206 et
502 2170 672 2205 Familiis
699 2170 958 2204 Floridearum
984 2171 1067 2202 tum
1093 2167 1244 2202 diverso
1269 2166 1394 2208 modo,
1413 2168 1495 2199 tum
1513 2164 1663 2199 diverso

90 2233 207 2285 gradu
234 2234 531 2266 transmutatum
558 2230 739 2265 obvenire
765 2232 925 2271 constat,
944 2228 1125 2272 ipsasque
1143 2230 1270 2271 partes
1288 2225 1447 2268 frondis,
1466 2224 1507 2258 in
1525 2224 1663 2267 quibus

91 2293 370 2336 Sphaerosporae
402 2291 442 2325 in
475 2290 558 2324 aliis
585 2290 701 2334 Typis
727 2291 915 2332 generatae
942 2288 1150 2323 obveniant
1177 2306 1219 2310 -*
1247 2296 1350 2320 nunc
1375 2285 1441 2320 vix
1468 2284 1542 2318 nisi
1569 2282 1663 2327 ipsis

90 2351 402 2396 provenientibus
441 2349 718 2394 sphaerosporis
756 2350 1031 2390 transmutatae,
1077 2357 1178 2381 nunc
1210 2346 1342 2389 ¹ipsam
1379 2345 1479 2378 hanc
1517 2346 1664 2387 partem

89 2411 254 2445 fertilem
280 2409 427 2444 frondis
446 2429 490 2433 —
508 2409 549 2443 in
575 2419 658 2453 quae
687 2409 966 2452 Sphaerosporae
992 2409 1221 2450 generantur
1239 2424 1283 2429 ——
1303 2407 1415 2439 antea
1432 2403 1518 2447 plus
1536 2402 1663 2436 minus

90 2473 156 2504 aut
194 2471 298 2504 vario
336 2469 449 2503 modo
487 2470 781 2503 transmutatam
819 2470 1061 2510 occupantes,
1098 2468 1136 2500 et
1168 2466 1240 2499 hoc
1267 2464 1422 2508 quidem
1448 2472 1597 2506 quoque
1622 2460 1663 2494 in

91 2529 315 2572 Generibus‚
343 2539 426 2572 quae
453 2528 545 2562 alias
572 2528 621 2562 ob
646 2528 813 2562 rationes
840 2526 1027 2560 affinitate
1058 2526 1209 2569 junctas
1237 2524 1387 2558 facilius
1415 2522 1499 2565 quis
1524 2520 1663 2565 judica-

90 2588 205 2628 verit;
246 2599 316 2622 nec
354 2588 481 2631 ipsum
518 2587 696 2622 nucleum
736 2587 1015 2630 Sphaerosporae
1048 2585 1088 2619 in
1123 2584 1295 2628 pluribus
1328 2582 1553 2622 Generibus,
1580 2589 1664 2623 quae

91 2647 184 2681 alias
211 2648 259 2682 ob
285 2647 451 2681 rationes
478 2647 662 2690 proximae
696 2646 925 2690 judicantur,
959 2644 1149 2679 consimili
1175 2644 1288 2678 modo
1314 2641 1556 2677 subdivisum
1582 2637 1663 2673 fieri

92 2709 255 2747 constat3
284 2717 354 2740 nec
380 2706 440 2740 his
466 2707 819 2749 sphaerosporarum
851 2704 1002 2748 organis
1034 2703 1225 2747 primariis
1252 2702 1438 2746 quosdam
1466 2697 1664 2734 affinitatis

92 2765 327 2799 characteres
368 2765 407 2798 in
446 2765 630 2799 Florideis
669 2765 931 2799 attribuendos
964 2773 1062 2803 esse;
1095 2763 1134 2797 id
1160 2762 1345 2806 plurimos
1371 2760 1575 2803 Algologos
1602 2758 1664 2791 ho-

92 2823 243 2858 diernos
273 2835 466 2858 assumere
491 2825 666 2859 lubenter
693 2824 896 2858 crederem.
