1779 3068
97 56 151 98 14
691 53 1065 95 CALLOPHYLms.

95 255 158 306 ΙΙ.
239 254 319 305 De
371 253 740 321 dispositione
794 252 1118 321 Specierum
1172 252 1403 306 Generis
1461 255 1664 307 CALLo-

93 358 386 394 PHYLLIDIS
435 341 843 393 commentaria
893 358 1064 403 nova;
1112 346 1232 392 tum
1275 342 1344 393 de
1384 347 1664 395 structura

256 435 307 482 et
347 430 620 482 limitibus
670 429 901 482 Generis
941 447 1120 499 pauca
1160 431 1498 483 adnotanda.

235 597 378 646 Quale
411 598 565 639 Genus
598 596 938 652 Callophyllidis
971 596 1083 638 mihi
1115 595 1248 638 hodie
1282 596 1513 652 cognitum
1536 602 1661 653 puto,

92 669 270 725 Species
318 668 524 724 ejusdem
571 682 687 723 aegre
735 667 1064 723 dignoscendas
1108 667 1315 718 dicerem,
1362 668 1449 710 nisi
1481 668 1662 711 easdem

90 754 351 796 comparare
398 739 529 781 liceat
575 739 623 781 in
671 739 1005 794 Speciminibus
1051 743 1148 781 tum
1182 738 1295 781 bene
1329 739 1530 789 evolutis,
1565 744 1664 785 tum

88 812 172 855 rite
219 811 609 867 cystocarpiiferis.
674 810 854 852 Adsunt
902 810 1119 851 nimirum
1166 810 1212 851 in
1258 810 1356 864 ipso
1390 810 1537 859 modo,
1572 825 1661 866 quo

90 882 370 938 cystocarpia
414 882 461 923 in
494 881 682 924 diversis
719 880 921 936 partibus
954 880 1130 922 frondis
1162 881 1448 936 proveniunt,
1484 881 1663 924 diversi-

89 957 214 1004 tates,
259 952 425 1008 quibus
459 966 530 994 me
562 951 713 1007 judice
745 951 793 992 in
827 950 1070 1006 Speciebus
1104 950 1395 1005 disponendis
1429 950 1568 994 tutius
1601 952 1663 994 in-

90 1024 341 1068 sistendum
389 1028 614 1079 putaremf,
673 1037 812 1078 quare
860 1022 930 1063 his
979 1021 1248 1064 ducentibus
1302 1021 1481 1076 Species
1529 1022 1662 1065 hodie

90 1097 202 1138 mihi
241 1096 442 1151 cognitas
485 1095 690 1149 sequenti
723 1093 857 1136 modo
891 1093 1177 1148 potissimum
1209 1093 1483 1135 ordinandas
1516 1094 1661 1136 volue-

88 1168 187 1210 rim.
242 1167 335 1209 Nec
369 1167 423 1209 de
456 1166 674 1208 limitibus
708 1170 751 1208 et
783 1164 1114 1207 characteribus
1148 1164 1335 1206 Generis
1367 1165 1483 1207 vasti
1510 1165 1662 1207 omnia

89 1238 227 1280 dubia
260 1238 405 1280 soluta
439 1237 584 1279 dicere
617 1236 843 1278 auderem.
1153 1223 1156 1224 ⁷

231 1308 490 1350 Meminisse
523 1307 669 1363 placet
702 1307 784 1349 sub
818 1306 1000 1349 nomine
1030 1307 1336 1350 Ghondrococci
1361 1306 1661 1363 Kiitzingium

88 1381 242 1423 Genus
276 1379 509 1436 proprium
542 1378 803 1429 instituisse,
836 1378 907 1419 cui
930 1377 1133 1433 typicum
1157 1376 1462 1419 considerasse
1485 1377 1663 1421 videtur

87 1452 256 1494 Fucnm
296 1452 568 1493 LAMBERTII
617 1450 815 1492 Turnerz'.
880 1449 1041 1491 Nescio
1089 1453 1241 1490 tamen
1289 1463 1347 1490 an
1395 1448 1527 1491 hodie
1575 1449 1663 1491 alia

88 1522 323 1578 divulgata·
353 1522 543 1577 SpecieS,
580 1520 762 1562 nomine
801 1520 1196 1562 »CHoNDRococel
1230 1519 1455 1562 JAPONICI
1490 1521 1656 1563 Harv.»

86 1594 313 1649 inscripta,
357 1592 444 1634 alio
489 1591 688 1648 quodam
721 1605 855 1633 sensu
888 1589 1180 1646 intelligenda
1212 1589 1453 1633 videretur.
1519 1590 1563 1633 Si
1598 1592 1661 1633 ni-

87 1667 252 1709 mirum
293 1665 461 1707 Fucum
494 1665 766 1706 LAMBERTII
805 1664 937 1705 Turn.
974 1662 1128 1705 sistere
1168 1662 1372 1717 Speciem
1413 1676 1493 1704 suo
1528 1662 1660 1705 modo

85 1738 284 1794 typicam
332 1736 462 1779 certis
511 1734 753 1790 Speciebus
802 1732 1142 1789 Callophyllidis
1186 1733 1286 1788 jure
1329 1732 1528 1788 quodam
1561 1747 1659 1775 con-

86 1807 389 1856 sideraverim,
440 1805 715 1848 contrarium
763 1805 968 1847 lubenter
1015 1817 1223 1859 urgerem
1271 1803 1326 1845 de
1368 1803 1455 1845 alia
1488 1803 1656 1859 Specie,

85 1883 310 1922 structura
361 1877 459 1933 ejus
514 1876 686 1932 Speciei
740 1875 1039 1926 considerata,
1096 1888 1233 1929 quam
1288 1873 1421 1916 hodie
1474 1875 1658 1917 nomine

89 1950 398 1993 Chondrococcz‘
444 1949 650 2004 Japomci
697 1947 923 1990 distribuit
971 1946 1214 1989 Okamura.
1291 1945 1483 1988 Cellulas
1531 1946 1659 1987 nimi-

83 2035 186 2063 rum
233 2021 341 2063 istas
390 2023 604 2075 angustas
646 2019 945 2069 intercalares,
981 2017 1146 2072 quibus
1180 2015 1529 2072 Callophyllides
1562 2031 1658 2072 pro—

84 2093 204 2147 prias
252 2092 484 2135 distinctas
532 2091 738 2134 lubenter
781 2103 1073 2139 assumerem,
1106 2089 1154 2130 in
1188 2088 1344 2144 Specie
1378 2088 1497 2130 dicta
1528 2088 1658 2143 Japo-

82 2156 416 2213 nicadeficere,
452 2177 544 2205 non
575 2162 702 2219 potui
735 2162 847 2218 quin
879 2161 1017 2203 alium
1043 2160 1224 2216 Typum
1248 2160 1519 2202 Genericum
1543 2160 1656 2215 ejus-

83 2233 205 2276 modi
239 2233 496 2276 diversitate
528 2236 762 2275 structurae
794 2231 1044 2274 indicatum
1077 2235 1297 2286 putarem.
1352 2230 1522 2285 Ignotis
1551 2244 1656 2273 vero

83 2305 195 2347 mihi
228 2304 430 2360 partibus
462 2304 710 2346 fructiferis
756 2303 928 2359 Speciei
965 2302 1209 2358 Japonicae,
1244 2301 1484 2344 affinitates
1517 2301 1655 2357 hujus

83 2378 256 2433 Speciei
290 2377 401 2419 mihi
435 2376 620 2419 omnino
652 2375 812 2418 dubias
836 2388 1100 2431 permanere
1123 2373 1329 2415 lubenter
1351 2385 1653 2428 agnoscerem.

83 2449 150 2491 Sit
196 2453 246 2491 ut
287 2447 441 2490 Genus
483 2447 715 2503 proprium
759 2446 808 2488 in
840 2446 925 2488 hac
956 2446 1102 2487 {orma
1134 2444 1283 2493 latere,
1318 2442 1654 2498 agnoscendum

81 2519 319 2562 videretur.
1395 2519 1398 2526 ¹

224 2590 294 2631 Ex
341 2589 428 2632 alia
474 2594 600 2645 parte
644 2589 756 2631 mihi
804 2588 993 2631 dubium
1042 2587 1303 2643 adparuisse
1351 2585 1544 2628 dicerem
1593 2599 1650 2627 an

81 2660 239 2703 formae
272 2661 494 2717 quaedam,
519 2661 645 2702 —in
679 2660 845 2716 quibus
878 2659 953 2702 alii
987 2659 1250 2714 dignoscere
1281 2661 1500 2713 putarunt
1531 2657 1653 2712 plan-

80 2734 172 2772 tam
221 2731 451 2786 quandam
499 2745 667 2774 nanam
716 2735 759 2773 et
805 2730 1105 2786 parasiticam,
1156 2743 1294 2785 quam
1343 2728 1426 2770 sub
1468 2727 1650 2770 nomine

82 2801 393 2844 CALLoconAx
427 2817 707 2845 NEGLECTUM
742 2802 879 2845 Schm.
916 2801 1201 2844 distributam
1235 2799 1387 2850 habui,
1411 2824 1468 2828 —
1496 2811 1649 2841 revera
