1779 3068
117 139 172 179 34
738 135 1063 179 GRACILARIAE.

116 256 268 298 sistere
311 252 618 309 adparuerunt
657 252 853 308 plantam
895 255 1023 309 quasi
1058 255 1467 309 Halymcm'oz'demn,
1502 257 1679 299 easdem

115 325 293 381 Species
342 324 424 367 sub
468 324 555 366 alio
595 323 864 366 evolutionis
898 324 1040 367 stadio
1074 325 1235 368 offerre
1269 326 1529 382 adspectum
1564 329 1680 370 fron-

114 396 194 446 dis,
230 410 365 452 quem
398 395 444 437 in
479 394 734 437 Gracilariis
768 396 1096 439 Lz'ohenoz'deum
1129 396 1428 452 adpellarunt;
1459 397 1556 440 aliis
1580 398 1680 454 Spe-

113 467 278 517 ciebus,
328 466 483 523 quales
525 466 702 509 easdem
751 480 868 522 saepe
901 467 947 509 in
985 467 1213 509 Herbariis
1248 468 1460 511 obvenire
1493 474 1678 519 constat,

112 538 416 581 eminentibus
463 537 704 580 durissima
754 542 940 588 textura,
992 553 1131 594 quam
1179 553 1299 581 nunc
1342 540 1678 595 cartilayineaam

112 624 232 652 nunc
281 623 473 653 corneam
521 608 756 664 designare
804 609 1134 652 consuevimus.
1200 609 1480 666 Comparatis
1529 626 1681 654 nume-

110 681 221 724 rosis
255 680 496 737 Speciebus
530 680 787 723 Gracilariae
821 680 1021 732 Generis,
1068 681 1185 724 dicto
1221 681 1352 724 modo
1385 682 1585 731 diversis,
1620 683 1679 739 ip-

111 767 207 795 sam
240 751 575 795 consistentiam
612 751 785 794 frondis
817 766 843 794 a
876 752 1212 795 diversitatibus
1244 753 1290 795 in
1324 754 1484 804 forma,
1510 754 1680 810 magni-

109 823 266 866 tudine
300 827 342 866 et
374 823 665 879 dispositione
699 823 900 879 ipsarum
934 823 1195 866 cellularum
1219 823 1553 880 quodammodo
1577 839 1679 881 pen-

110 895 226 946 dere,
262 899 305 938 et
335 895 417 938 has
450 894 631 938 cellulas
664 895 723 938 ita
757 909 936 951 quoque
970 895 1024 938 ad
1065 895 1315 938 liabituales
1347 901 1476 938 notas
1510 896 1678 952 Specie-

109 980 207 1009 rum
243 980 324 1009 suo
359 965 491 1008 modo
525 965 803 1009 definiendas
836 967 1130 1015 contribuere,
1168 981 1236 1009 me
1270 966 1478 1010 didicisse
1506 967 1676 1023 putavi.

253 1036 385 1087 Quod
425 1037 527 1080 dein
570 1037 730 1080 attinet
770 1037 914 1094 ipsam
956 1038 1148 1080 formam
1184 1038 1359 1081 frondis
1392 1044 1434 1081 et
1468 1038 1679 1081 ramifica-

109 1109 243 1152 tionis
290 1123 509 1158 normam,
560 1123 697 1165 quarn
746 1110 792 1151 in
841 1109 1083 1166 Speciebus
1127 1110 1342 1165 Algarum
1382 1110 1438 1152 ad
1474 1110 1681 1153 Habitum

109 1179 298 1236 singulis
347 1180 590 1236 Speciebus
637 1180 707 1235 (ne
746 1180 891 1223 dicam
926 1181 1115 1237 singulis
1149 1180 1413 1237 Generibus)
1447 1181 1680 1237 proprium

109 1265 245 1307 quam
283 1251 477 1293 maxime
510 1251 714 1294 conferre
748 1252 970 1298 novimus,
1006 1252 1121 1295 hanc
1150 1266 1330 1308 quoque
1353 1253 1398 1294 in
1423 1252 1679 1295 Gracilariis

109 1337 198 1365 non
247 1328 425 1365 tantum
473 1322 685 1365 obvenire
732 1322 954 1366 diversam
991 1324 1035 1365 in
1071 1323 1313 1379 Speciebus
1347 1323 1533 1365 Generis
1567 1323 1676 1373 aliis,

108 1393 185 1437 sed
232 1407 412 1450 quoque
459 1394 506 1436 in
554 1393 807 1437 Individuis
855 1394 1114 1450 Specierum
1164 1394 1421 1437 Gracilariae
1466 1394 1679 1437 obvenire

107 1479 188 1508 suo
221 1464 355 1507 modo
389 1464 631 1513 diversum,
666 1470 800 1521 prout
832 1465 1074 1508 Individua
1106 1471 1183 1508 aut
1215 1465 1270 1508 ad
1300 1466 1576 1521 cystocarpia
1600 1471 1679 1508 aut

109 1536 165 1579 ad
215 1536 548 1593 sphaerosporas
589 1536 870 1593 generandas
913 1536 1158 1593 adpareant
1192 1537 1319 1593 quasi
1353 1536 1675 1593 praedisposita.

108 1607 153 1650 Si
187 1608 347 1650 ramuli
380 1608 443 1650 illi
476 1608 722 1658 secundati,
757 1608 836 1665 qui
867 1609 914 1651 in
948 1609 1100 1651 multis
1145 1608 1401 1651 Gracilariae
1435 1607 1677 1663 Speciebus

108 1678 353 1722 obveniant
385 1679 566 1722 demum
605 1679 1005 1736 sphaerosporiferi,
1050 1680 1120 1723 his
1151 1679 1331 1736 organis
1364 1679 1538 1722 emissis
1570 1679 1677 1721 ulte-

107 1750 197 1792 rius
246 1764 500 1794 excrescere
547 1758 752 1808 pergunt,
803 1751 935 1794 aliam
991 1750 1326 1794 ramificationis
1375 1765 1578 1792 normam
1627 1749 1675 1792 in

108 1821 332 1877 ejusmodi
383 1822 633 1865 Individuis
681 1822 894 1865 obvenire
942 1822 1102 1866 debere
1150 1827 1282 1879 patet.
1348 1821 1464 1864 Sunt
1495 1835 1676 1877 quoque

106 1892 298 1949 Species„
333 1898 412 1936 aut
443 1894 691 1950 specimina
724 1893 1062 1944 Herbariorum,
1087 1893 1142 1936 de
1167 1894 1332 1949 quibus
1355 1892 1674 1948 suspicandam

106 1963 333 2007 videretur
379 1964 603 2019 ejusmodi
652 1965 991 2021 dispositionem
1039 1979 1267 2007 ramorum
1307 1965 1461 2007 forsan
1494 1977 1675 2020 quoque

104 2035 242 2077 alium
277 2036 323 2077 in
357 2036 491 2079 finem
524 2037 742 2092 generari,
777 2037 813 2080 si
846 2036 1031 2092 quidem
1063 2036 1342 2093 cystocarpia
1372 2036 1420 2078 in
1451 2033 1673 2091 ejusmodi

104 2106 291 2149 ramulis
323 2106 549 2157 obvenire,
586 2122 656 2150 me
689 2107 1055 2164 quandoquidem
1091 2107 1352 2151 observasse
1385 2112 1604 2163 putarem.

246 2177 403 2220 Exstat
436 2178 493 2221 ad
526 2192 626 2222 oras
659 2179 972 2222 Scandinaviae
1001 2180 1145 2222 forma
1167 2178 1389 2235 quaedam,
1413 2192 1494 2220 suo
1516 2176 1675 2219 habitu

103 2253 146 2291 et
193 2262 275 2291 sua
321 2249 610 2293 consistentia
657 2250 831 2293 frondis
879 2251 1149 2305 Ahnfeltiam
1173 2251 1381 2305 plicatam
1422 2262 1543 2291 nunc
1579 2248 1674 2289 fere

104 2320 317 2371 referens,
358 2334 510 2376 quam,
552 2321 636 2364 sub
681 2321 863 2365 nomine
894 2322 1006 2365 Fuci
1040 2322 1305 2376 Scorffloz'des
1335 2321 1382 2362 in
1417 2321 1554 2362 Flora
1587 2318 1673 2361 Da-

102 2391 203 2434 m‘ca
248 2393 328 2434 tab.
365 2395 458 2435 887
503 2391 610 2435 olim
659 2392 897 2449 depictam,
945 2393 992 2436 in
1040 2393 1305 2436 memoriam
1352 2390 1672 2447 Algologorum

104 2461 236 2505 bodie
280 2462 486 2506 lubenter
525 2478 795 2507 revocarem.
861 2464 1118 2520 Specimina
1155 2464 1293 2520 hujus
1334 2463 1379 2505 in
1413 2461 1673 2505 scrobiculis

103 2532 311 2576 Bahusiae
357 2534 646 2578 obvenientia
692 2536 970 2579 examinanti
1019 2536 1129 2578 mihi
1169 2535 1216 2577 in
1255 2535 1324 2577 his
1356 2545 1673 2589 recognoscere

103 2603 279 2647 licuisse
320 2605 438 2648 hanc
478 2606 672 2649 formam
711 2607 867 2650 sistere
901 2607 1115 2663 plantam,
1148 2620 1230 2649 suo
1263 2605 1397 2648 modo
1429 2604 1669 2654 viventem,

102 2680 145 2716 at
178 2676 343 2732 saepius
373 2676 613 2732 juniorem,
653 2678 916 2722 Gracilarioe
948 2678 1256 2733 Confervoidis.
1321 2676 1525 2720 Sectione
1550 2675 1672 2717 faeta

101 2747 389 2789 transversali
435 2747 574 2804 huJ‘us
618 2750 755 2793 »Fuci
793 2750 1078 2805 Scorpioidis»
1121 2748 1358 2792 observare
1398 2747 1524 2790 licuit
1553 2747 1670 2788 fron—

102 2814 204 2858 dem
253 2817 456 2871 ejusdem
504 2824 762 2863 contextam
810 2834 907 2863 esse
953 2819 1125 2863 cellulis
1171 2819 1418 2862 admodum
1466 2812 1667 2868 minutis,

101 2887 597 2944 rotundato-angulatis,
643 2891 937 2935 exterioribus
978 2906 1061 2934 sua
1091 2891 1404 2948 magnitudine
1435 2889 1668 2932 interiores
