1779 3068
1653 195 1681 224 Ο

253 300 543 356 Comparanti
587 300 696 341 mihi
740 300 885 356 ipsam
928 299 1136 342 frondem
1170 300 1362 342 fertilem
1401 299 1678 349 Coleochoetis‘,

109 373 226 414 hanc
274 372 385 413 mihi
433 371 695 426 adparuisse
743 371 803 426 (in
852 371 1017 426 pagina
1064 384 1145 413 sua
1192 370 1420 426 superiore
1469 375 1513 413 et
1543 371 1678 426 paulo

107 503 220 537 matis
246 503 457 537 virescente
482 512 632 544 quoque
658 501 924 540 constitutum;
959 501 1180 534 membrana
1211 501 1396 535 exteriore
1422 501 1461 534 111
1489 501 1548 534 1118
1575 512 1677 544 saepe

106 562 146 595 in
172 562 289 605 plicas
317 561 493 604 collapsa.
543 561 675 603 Ipsum
702 571 830 594 sorum
863 560 1059 603 globosum
1088 571 1188 594 nunc
1215 560 1322 602 quasi
1349 562 1529 593 contentu
1558 560 1677 602 magis

106 620 222 654 fluido
258 622 507 660 constantem,
540 630 641 653 nunc
668 619 775 662 quasi
802 619 1046 661 granulosum
1073 619 1162 660 vidi,
1190 619 1339 661 qualem
1367 630 1515 662 quoquc
1542 618 1581 652 in
1608 629 1678 652 sua

105 679 235 723 planta
266 678 472 713 delineavit
504 679 644 712 Moore.
696 678 963 712 Endochroma
994 678 1110 711 totius
1138 678 1282 711 cellulae
1310 678 1473 721 primum
1502 678 1675 712 binatim,

104 738 192 772 dein
230 737 482 780 quaternatim
516 736 768 777 subdivisum,
805 737 957 770 demum
991 737 1162 779 partibus
1188 737 1348 779 singulis
1373 737 1516 780 (forsan
1543 737 1677 770 eodem

104 797 216 842 modo
254 796 295 830 in
332 806 421 830 suas
459 798 586 838 partes
623 795 866 836 abeuntibus)
890 795 930 828 in
957 796 1184 837 glomerulos
1212 796 1395 838 plurimos
1422 796 1675 837 subdivisum,

102 858 145 890 ut
170 856 210 889 in
235 866 304 889 sua
329 855 459 898 planta
485 854 703 889 observavit
728 854 874 893 Moore;
902 854 939 887 id
967 855 1006 887 111
1032 857 1162 888 nostra
1188 856 1329 889 frustra
1354 855 1524 897 quaesivi.
1569 855 1672 888 Alias

102 914 258 949 omnino
296 914 445 957 plantas
479 914 612 947 sistere
645 912 973 956 Chlorocystidem
1010 913 1158 954 00111111,
1187 914 1336 956 qualem
1364 924 1447 947 eam
1474 913 1676 956 descripsit

101 974 231 1008 Moore
268 973 308 1006 in
346 973 506 1007 diversis
544 972 650 1015 Algis
689 972 828 1007 Oceani
868 972 1049 1006 Atlantici
1088 973 1372 1012 obvenientem3
1407 976 1444 1006 et
1471 973 1675 1006 australem

101 1032 206 1066 illam
240 1032 312 1066 sub
344 1043 406 1066 n:o
432 1032 488 1072 28,
517 1030 609 1065 1890
635 1042 657 1065 a
682 1032 742 1065 Br.
769 1031 917 1066 Wilson
944 1031 1039 1064 mihi
1065 1031 1222 1065 missam
1249 1042 1379 1066 revera
1405 1032 1519 1065 nullis
1547 1031 1674 1065 dubiis

101 1101 235 1126 vacare
268 1094 457 1134 putarem;
498 1094 537 1124 at
571 1091 640 1124 has
668 1090 819 1134 Species
846 1093 926 1124 tum
954 1090 1119 1125 invicem
1147 1091 1334 1124 affinitate
1361 1090 1564 1133 proximas,
1592 1093 1674 1124 tum

100 1160 122 1184 a
158 1149 394 1185 Coleochaete
427 1150 529 1184 haud
561 1150 673 1193 longe
705 1153 880 1192 remotas,
908 1160 977 1184 nec
1003 1150 1111 1193 potui
1137 1150 1229 1193 quin
1256 1160 1500 1190 assumerem,
1528 1160 1674 1192 compa-

99 1209 190 1244 ratis
223 1212 305 1244 tum
341 1209 671 1244 observationibus
702 1210 927 1253 jamdudum
955 1221 975 1243 a
1001 1210 1243 1252 Pringsheim
1271 1209 1413 1252 publici
1439 1209 1534 1252 juris
1561 1209 1672 1242 factis

98 1271 181 1302 tum
219 1269 414 1303 hodiernis
441 1280 462 1302 a
494 1269 624 1303 Moore
662 1269 816 1303 uberius
855 1269 1067 1312 descriptis,
1106 1269 1244 1312 quibus
1284 1269 1336 1302 ita
1375 1267 1671 1311 congruentibus

98 1328 203 1361 nulla
238 1328 285 1362 de
319 1328 506 1362 affinitate
532 1328 748 1372 plantarum
774 1328 890 1362 dubia
916 1328 1011 1361 mihi
1036 1328 1267 1371 suspicanda
1292 1328 1468 1361 lubenter
1493 1327 1669 1361 dicerem.

241 1388 340 1421 Dum
375 1386 632 1431 Chlorocystis
668 1387 816 1428 Cohnii,
850 1390 892 1421 ut
922 1398 1004 1421 eam
1031 1387 1246 1430 designavit
1271 1387 1412 1428 Moore,
1439 1386 1541 1420 sistit
1567 1387 1672 1429 plan-

97 1445 217 1479 tulam
244 1446 525 1489 subglobosam,
559 1449 596 1480 et
621 1446 693 1480 sub
719 1447 792 1480 hoc
817 1447 939 1479 forma
965 1449 1088 1480 totum
1114 1457 1193 1480 suae
1219 1446 1307 1480 vitae
1335 1446 1562 1480 curriculum
1590 1456 1669 1488 per-

96 1505 208 1546 ficiat,
235 1505 300 1539 vix
326 1505 532 1548 conspicuo
558 1505 741 1548 adparatu
767 1505 920 1539 radicali
947 1505 1124 1546 adfixam,
1151 1508 1320 1539 attamen
1346 1505 1386 1538 in
1412 1516 1481 1538 sua
1509 1504 1667 1539 ventrali

96 1563 223 1598 media
260 1567 366 1607 parte
404 1574 532 1597 sorum
571 1567 726 1607 generat
758 1565 971 1607 globosum;
1005 1575 1133 1598 sorum
1160 1575 1248 1598 vero
1275 1565 1377 1598 hunc
1403 1563 1557 1598 formari
1585 1563 1669 1597 sub-

96 1622 283 1657 divisione
309 1623 443 1656 iterata
469 1623 786 1664 endochromatis,
814 1623 922 1666 quasi
949 1623 1049 1657 intra
1074 1624 1229 1657 cellulas
1261 1622 1472 1663 interiores,
1505 1622 1667 1656 binatim

96 1681 185 1716 dein
220 1682 473 1725 quaternatim
510 1682 674 1725 primum
706 1682 934 1723 subdivisas,
962 1683 1116 1717 demum
1143 1683 1442 1726 polycliotomas,
1470 1685 1582 1724 atque
1609 1681 1668 1715 de-

95 1752 201 1775 mum
226 1741 267 1775 in
292 1741 461 1784 sporidia
486 1741 652 1782 mobilia,
679 1741 835 1784 suisque
861 1742 957 1775 ciliis
981 1741 1188 1776 mobilibus
1206 1742 1407 1781 instructa;
1436 1751 1519 1784 quae
1539 1741 1668 1774 omnia

95 1800 178 1834 sine
216 1800 332 1835 dubio
365 1800 412 1834 ad
445 1800 575 1834 Genus
602 1800 662 1834 sui
687 1800 782 1844 juris
809 1801 1053 1835 formandum
1079 1801 1289 1835 conducere
1315 1800 1550 1840 viderentur;
1579 1811 1668 1843 pau-

93 1859 210 1903 lisper
243 1859 351 1893 aliter
386 1860 467 1893 haec
499 1859 629 1893 omnia
653 1860 782 1903 perfici
810 1863 983 1903 putarem
1009 1860 1049 1893 in
1075 1860 1206 1904 planta
1232 1871 1345 1903 quam
1372 1860 1486 1894 hodie
1513 1860 1668 1893 nomine

93 1917 300 1963 Apiocystis
335 1917 484 1953 Wilsom'
521 1919 758 1962 designatam
797 1919 945 1954 vellem.
996 1920 1041 1953 In
1079 1920 1251 1963 plantula
1286 1919 1467 1952 nimirum
1498 1918 1666 1952 Australi

92 1977 239 2011 frondis
266 1978 428 2012 formam
454 1977 620 2012 dicerem
646 1978 842 2013 evidenter
867 1979 1069 2013 obovatam
1094 1978 1187 2022 (fere
1213 1978 1379 2012 dicerem
1406 1978 1667 2022 pyriformem)

92 2047 195 2071 nunc
232 2036 456 2080 simplicem,
495 2048 597 2071 nunc
634 2037 734 2071 infra
771 2038 952 2072 verticem
990 2038 1099 2081 quasi
1138 2048 1237 2072 novo
1276 2048 1380 2071 ramo
1412 2040 1477 2071 aut
1503 2037 1664 2080 geminis

92 2096 392 2139 prolificantibus
431 2096 627 2137 instructo,
666 2097 850 2131 diametro
888 2097 1155 2140 longitudinali
1193 2097 1486 2131 transversalem
1518 2096 1666 2130 circiter

90 2154 150 2189 bis
190 2159 406 2198 superante.
462 2156 595 2199 Ipsum
633 2166 763 2190 sorum
801 2156 1000 2199 globosum
1038 2167 1140 2190 nunc
1178 2156 1286 2199 quasi
1325 2158 1505 2190 contentu
1544 2155 1664 2198 magis

92 2213 209 2248 fluido
246 2213 486 2256 instructum,
522 2225 624 2249 nunc
654 2215 946 2250 solidescentem
972 2215 1081 2258 quasi
1107 2215 1274 2258 granulis
1301 2215 1383 2249 sine
1410 2215 1541 2248 ordine
1567 2215 1664 2248 bene

91 2273 297 2316 conspicuo
322 2273 486 2308 farctum
511 2274 591 2308 vidi
617 2274 716 2308 intra
741 2275 946 2309 utriculum
973 2274 1130 2316 frondis,
1158 2275 1198 2308 in
1218 2274 1344 2308 media
1363 2274 1537 2317 ejusdem
1556 2276 1663 2316 parte

90 2331 339 2374 nidulantem,
367 2333 552 2367 exteriore
578 2333 729 2367 utriculi
767 2337 874 2377 parte
899 2344 1018 2368 vacua
1045 2336 1110 2367 aut
1135 2336 1317 2367 contentu
1344 2333 1463 2366 multo
1490 2332 1663 2366 tenuiore

91 2390 200 2433 quasi
225 2393 418 2425 contracto
444 2392 613 2435 sparsius
640 2396 834 2436 occupata.
884 2394 942 2426 Ex
969 2393 1109 2427 vertice
1135 2392 1242 2427 calvo
1268 2394 1407 2426 nostrae
1434 2391 1574 2434 plantae
1601 2401 1662 2425 me

91 2449 200 2491 quasi
225 2450 377 2484 residua
402 2451 625 2486 observasse
661 2451 898 2494 geminorum
925 2451 1098 2485 ciliorum
1124 2451 1269 2485 dixisse
1295 2450 1419 2494 placet
1446 2469 1488 2474 υ-
1515 2450 1583 2484 80(1
1609 2450 1662 2484 ita

90 2508 221 2542 tenuia
245 2511 288 2543 ut
313 2510 553 2552 praesentiam
580 2510 716 2544 horum
742 2520 874 2553 urgere
901 2510 1123 2552 neutiquam
1149 2510 1338 2543 auderem.

232 2567 406 2602 Plantam
445 2570 614 2602 nostram
652 2569 857 2603 australem
895 2579 982 2603 cum
1027 2569 1273 2612 Chlorocyste
1312 2568 1448 2602 Cohnii
1487 2568 1662 2611 proxima

90 2626 277 2661 affinitate
314 2627 486 2670 junctam
524 2638 608 2662 esse
646 2628 711 2663 vix
749 2628 939 2671 quispiam
975 2628 1176 2668 dubitaret,
1204 2627 1432 2671 comparatis
1458 2630 1539 2661 tum
1567 2638 1660 2661 cres-

89 2685 199 2720 cendi
234 2686 357 2720 modis
390 2687 661 2728 conformibus,
694 2690 776 2721 tum
810 2687 991 2730 adspectu
1018 2689 1056 2721 et
1081 2689 1270 2721 structura
1295 2686 1493 2729 utriusque
1519 2686 1661 2729 plantae

88 2747 148 2778 sat
185 2745 389 2786 consimili;
430 2748 630 2789 utramque
667 2757 817 2789 quoque
855 2746 1026 2789 plantam
1058 2746 1285 2789 comparatis
1316 2745 1660 2786 observationibus,

88 2813 181 2846 quas
208 2814 256 2837 ex
281 2815 358 2838 una
384 2807 490 2848 parte
515 2805 562 2839 de
589 2804 772 2848 Sporidiis
796 2804 986 2839 mobilibus
1011 2804 1139 2839 attulit
1163 2805 1293 2838 Moore
1319 2814 1366 2838 ex
1385 2804 1502 2838 altera
1519 2804 1658 2847 quibus

87 2861 232 2897 insistit
269 2863 521 2906 Pringsheim‚
561 2864 733 2907 Sporidia
770 2864 988 2898 describens
1023 2863 1284 2905 Coleochaetis‚
1311 2881 1355 2887 —
1383 2863 1422 2897 id
1448 2873 1524 2897 non
1550 2863 1658 2907 potui

89 2921 181 2964 quin
206 2922 370 2957 dicerem
397 2923 492 2956 mihi
518 2923 740 2967 adparuisse
766 2923 1108 2958 evidentissimum.
1230 2912 1234 2915 ’
