1779 3068
747 85 1040 126 ENDOGENIA.
1596 86 1674 124 11¹.»

111 204 334 258 ejusmodi
389 203 719 246 characteribus
771 203 1000 253 instructa,
1051 202 1276 244 videretur
1324 216 1403 243 sua
1456 202 1673 244 affinitate

115 274 332 329 proxima.

258 343 387 393 Quod
424 345 619 400 primum
653 345 812 386 attinet
843 344 1092 386 liabituales
1120 349 1260 392 notas,
1285 344 1449 398 quibus
1474 343 1672 399 plantam

114 415 339 468 juniorem
384 430 410 457 a
451 415 586 457 fertili
628 416 756 470 quasi
799 415 994 456 maxime
1033 414 1195 456 distare
1235 419 1366 469 patet,
1403 415 1469 455 his
1503 414 1673 456 nullam

114 485 251 527 fidem
274 485 319 526 in
343 486 564 528 affinitate
588 485 879 541 dijudicanda
901 484 1242 526 adtribuendam
1269 499 1375 531 csse,
1407 485 1501 526 liaec
1527 486 1677 539 planta

114 562 218 599 ante
260 556 369 598 alias
402 557 495 598 fere
528 571 683 598 omnes
717 556 913 598 indicare
949 556 1055 597 mihi
1091 556 1271 610 quidem
1308 556 1544 597 videretur.
1613 556 1675 609 Ip-

116 641 214 670 sam
263 631 533 669 structuram
575 627 762 672 frondis,
797 627 990 669 sectione
1025 627 1226 681 ejusdem
1262 626 1546 667 transversali
1581 641 1678 668 exa-

116 698 348 747 minatam,
403 697 563 739 offerre
617 698 820 739 cellulam
876 697 1105 751 quandam
1161 697 1386 752 propriam
1436 697 1674 738 centralem

118 770 336 824 majorem
369 773 412 810 et
443 768 560 810 circa
601 768 717 810 hanc
755 769 935 809 cellulas
974 768 1312 809 subconformes
1354 768 1498 821 (5—8)
1538 768 1583 808 in
1617 782 1678 809 or-

117 840 220 882 bem
269 839 520 894 dispositas,
570 838 790 894 adparatu
838 839 1031 893 quodam
1084 839 1349 879 interstitiali
1394 838 1584 879 invicem
1620 838 1680 879 ‹li-

116 911 323 961 stinctas;
358 914 402 952 et
433 913 558 952 extra
589 910 671 951 has
704 910 813 951 alias
845 910 1097 951 conformes
1121 914 1165 950 at
1188 909 1352 950 sensim
1379 908 1676 963 peripheriam

117 996 272 1025 versus
321 982 527 1031 minores,
578 981 837 1023 meminisse
886 981 1051 1036 placet;
1102 995 1192 1035 qua
1237 980 1527 1035 dispositione
1561 985 1680 1035 patet

117 1053 288 1096 nullam
321 1067 416 1095 esse
449 1066 579 1108 posse
611 1052 904 1108 quaestionem
942 1051 995 1092 de
1029 1051 1319 1105 congruentia
1354 1050 1548 1105 quadam
1578 1065 1678 1092 cum

118 1125 271 1180 planta
319 1123 515 1179 quadam
565 1123 742 1179 proprie
790 1121 1155 1171 Gracilarioidea;
1204 1121 1396 1163 sectione
1433 1135 1534 1162 vcro
1569 1122 1683 1162 facta

118 1195 435 1250 longitudinali
483 1207 612 1250 aeque
660 1193 891 1236 evidenter
938 1197 1089 1248 patere
1127 1192 1283 1247 putavi
1326 1191 1535 1247 siphones
1569 1192 1682 1232 elon-

118 1271 258 1322 gatos,
308 1280 390 1308 sua
431 1265 712 1321 longitudine
754 1263 1011 1319 inaequales‚
1048 1277 1128 1305 nec
1160 1262 1357 1318 praebere
1390 1262 1552 1304 indicia
1586 1262 1683 1303 arti-

119 1336 357 1379 culationis
399 1336 638 1392 cujusdam
675 1335 880 1391 propriae,
916 1334 1095 1390 qualem
1128 1334 1172 1375 in
1208 1332 1524 1375 Rhodomeleis
1557 1333 1685 1374 obve-

122 1408 218 1450 nire
271 1411 405 1463 patet.
482 1407 574 1449 Nec
626 1407 764 1462 igitur
815 1411 1049 1448 struoturae
1102 1404 1431 1446 characteribus
1484 1404 1685 1458 plantam

123 1478 441 1521 Rhodomeleis
481 1477 763 1519 referendam
799 1491 893 1519 esse
928 1476 1038 1518 mihi
1072 1480 1241 1518 certum
1275 1474 1494 1530 adparuit.
1560 1474 1684 1522 Quae-

121 1550 233 1592 ritur
277 1549 414 1605 igitur
457 1562 514 1591 an
560 1548 709 1604 potius
751 1547 904 1590 Genus
939 1546 1194 1602 Mychodeae
1228 1545 1683 1601 adpropinquandum

120 1620 359 1670 videretur,
394 1619 466 1662 cui
499 1620 652 1662 Genus
685 1633 855 1662 novum
888 1619 1034 1674 prima
1067 1617 1162 1660 vice
1196 1616 1450 1658 describens
1483 1616 1565 1657 hoc
1591 1630 1683 1670 pro-

121 1693 295 1733 ximum
330 1691 590 1741 memoravi,
625 1690 938 1732 conformitate
972 1688 1168 1743 quadam
1204 1692 1436 1729 structurae
1460 1687 1682 1728 insistens.

123 1762 419 1818 Mychodeam
468 1775 592 1810 vero,
626 1761 860 1807 ,suadente
908 1759 1288 1815 cystocarpiorum
1338 1763 1578 1804 structura,
1630 1757 1685 1798 ad

122 1832 421 1888 Hypneaceas
454 1831 735 1873 referendam
769 1845 877 1877 esse,
918 1830 1052 1872 nullis
1085 1829 1234 1871 dubiis
1269 1842 1425 1870 vacare
1458 1833 1683 1883 putarem:

121 1904 338 1959 quaeritur
384 1902 522 1958 igitur
563 1916 618 1944 an
665 1901 852 1951 Genera,
887 1901 973 1942 alio
1007 1905 1209 1955 respectu
1244 1899 1548 1954 congruentia,
1583 1913 1686 1954 quo-

121 1988 209 2030 que
241 1975 339 2030 ipsa
372 1977 595 2016 structura
627 1973 1007 2029 cystocarpiorum
1052 1972 1113 2013 ita
1145 1971 1383 2013 convenire
1418 1970 1686 2018 viderentur,

123 2050 172 2089 ut
219 2045 375 2087 eadem
423 2058 604 2100 quoque
645 2058 749 2087 vere
788 2044 946 2085 affinia
978 2056 1204 2085 assumere
1237 2041 1400 2083 liceret.
1465 2040 1688 2082 Confiteor

124 2116 237 2158 mihi
284 2115 545 2171 adparuisse
592 2116 640 2157 in
688 2116 771 2157 hac
812 2129 858 2157 re
893 2115 1028 2170 probe
1063 2112 1355 2168 dijudicanda
1387 2126 1476 2153 non
1511 2115 1684 2153 tantum

123 2187 413 2243 quaestionem
448 2187 520 2242 agi
553 2186 608 2229 de
640 2187 858 2228 affinitate
893 2186 1029 2241 hujus
1063 2184 1263 2233 Generis,
1306 2183 1382 2225 sed
1418 2184 1509 2224 fere
1544 2182 1686 2223 <licere

122 2257 273 2299 liceret
319 2257 416 2312 ipso
465 2256 612 2308 modo,
662 2271 752 2312 quo
796 2256 851 2299 de
884 2256 1104 2298 affinitate
1140 2255 1274 2310 hujus
1309 2254 1494 2296 Generis
1528 2252 1686 2307 dijudi-

123 2332 267 2378 catur,
317 2328 504 2370 vertitur
551 2342 732 2383 quoque
780 2327 987 2383 quaestio,
1040 2326 1313 2381 quibusnam
1362 2323 1689 2366 characteribus

123 2399 327 2441 insistere
360 2403 615 2454 opporteret
645 2399 693 2440 in
716 2399 1015 2441 affinitatibus
1040 2398 1347 2439 Floridearum
1372 2394 1685 2449 dijudicandis.

123 2470 222 2512 Hac
269 2470 438 2512 trutina
485 2469 687 2525 plantam
735 2470 1004 2525 peculiarem
1057 2469 1353 2512 examinanti,
1412 2465 1689 2520 cystoearpia

124 2541 235 2582 mihi
283 2540 544 2596 adparuisse
593 2541 788 2583 dicerem
836 2555 982 2596 neque
1029 2540 1141 2582 bene
1174 2553 1278 2581 cum
1314 2537 1572 2592 Mychodea,
1610 2548 1689 2575 nec

123 2626 227 2654 cum
259 2611 588 2663 Rhodomeleis,
624 2626 704 2654 nec
737 2626 840 2654 cum
873 2612 971 2653 aliis
1006 2610 1313 2653 Floridearum
1346 2607 1523 2649 familiis
1548 2606 1689 2656 magis

122 2682 313 2737 cognitis
361 2683 654 2738 congruentia
701 2683 975 2739 adparuisse,
1026 2683 1060 2724 si
1108 2694 1300 2735 quoque,
1342 2684 1459 2720 certo
1493 2676 1686 2730 quodam

124 2768 205 2796 suo
253 2753 386 2795 modo
433 2757 512 2795 aut
559 2754 615 2795 ad
663 2768 817 2804 unam,
868 2758 945 2794 aut
987 2752 1043 2794 ad
1077 2752 1263 2793 alteram
1296 2749 1513 2790 familiam
1551 2745 1690 2799 magis

125 2822 432 2879 adproximari
474 2822 746 2866 viderentur.
812 2824 921 2865 Mihi
957 2822 1139 2877 quidem
1174 2836 1263 2862 rem
1300 2820 1358 2861 ita
1393 2816 1689 2859 consideranti
