1779 3068
85 146 111 186 6

83 262 203 304 intra
234 261 462 316 regionem
497 259 669 301 frondis
703 259 996 314 marginalem
1032 265 1297 315 occupatam
1342 262 1655 316 prominentiis

85 332 336 374 numerosis
369 330 633 380 rotundatis,
670 330 716 371 in
748 330 913 385 quibus
946 329 1054 372 olim
1076 331 1232 373 forsan
1254 332 1356 386 quis
1378 333 1657 389 cystocarpia

84 403 267 458 propria
298 401 598 457 supposuerit,
633 401 756 443 velut
786 402 881 457 jam
913 415 938 443 a
971 401 1218 457 Lyngbyeo
1251 416 1419 457 organa
1457 402 1657 446 lateralia

84 473 387 515 Bulbochaetis
431 472 608 528 depicta
655 471 738 514 sub
780 472 964 514 nomine
1006 473 1294 528 capsularum
1326 480 1656 527 memorantur;

84 545 216 600 cujus
264 544 452 586 Generis
500 557 682 599 quoque
728 548 844 586 setas
877 543 960 585 rite
992 542 1192 598 depictas
1224 544 1365 586 fuisse
1397 546 1657 588 meminisse

84 615 242 671 placet.
287 615 340 657 In
361 615 447 657 hoc
465 629 570 658 vero
593 628 775 670 organo,
795 615 1125 670 cystocarpium
1149 614 1380 670 quoddam
1398 616 1656 663 mentiente,

85 700 167 728 nec
216 700 370 742 sporas
417 686 634 742 generari,
684 700 767 728 nec
808 685 1055 741 gemmidia
1096 686 1305 741 quaedam
1338 686 1491 741 qualia
1523 687 1558 728 F
1561 687 1658 729 lori-

85 757 287 808 dearum,
323 757 398 800 sed
442 771 611 812 organa
643 757 719 799 illa
752 761 877 799 motu
910 756 1109 812 praedita,
1145 771 1247 812 quae
1281 757 1487 813 Sporidia
1519 759 1658 801 nomi-

85 829 203 879 navi,
240 832 282 870 et
314 828 467 884 qualia
499 833 596 870 tum
628 829 675 870 in
709 829 1045 882 Draparnaldz'a
1077 828 1306 884 descripsi,
1331 833 1426 870 tum
1451 829 1657 884 plurimis

84 899 181 942 istis
228 899 367 955 Algis,
418 914 531 955 quas
582 901 880 954 Zoospermeas
927 899 1034 948 dixi,
1078 900 1233 942 sistere
1266 914 1434 955 organa
1466 900 1658 956 propriae

84 970 260 1021 indolis,
311 971 477 1026 quibus
525 971 595 1013 his
639 970 763 1027 Algis
803 985 985 1026 quoque
1019 971 1377 1013 characteristica
1409 971 1578 1027 putavi,
1613 971 1659 1013 id

85 1056 267 1098 quoque
315 1042 704 1085 observationibus
752 1042 1071 1098 Pringsheimii
1110 1042 1445 1085 evidentissime
1478 1042 1657 1085 demon-

85 1117 274 1156 stratum
321 1113 582 1169 adparuisse
625 1119 844 1169 putarem.
910 1113 1043 1162 Quod
1085 1113 1291 1168 plurimis
1324 1113 1552 1169 Algologis
1586 1114 1659 1156 ho·

86 1184 266 1235 diernis,
316 1185 481 1240 quibus
529 1186 696 1227 formas
743 1184 962 1240 Algarum
1010 1198 1139 1240 aquae
1187 1184 1330 1226 dulcis
1373 1185 1473 1240 plus
1507 1185 1658 1227 minus

85 1257 275 1311 cognitis
324 1271 578 1312 supponere
625 1260 894 1312 opporteret,
944 1270 1025 1298 nec
1067 1256 1137 1298 his
1169 1255 1215 1297 in
1250 1261 1447 1298 mentem
1481 1257 1659 1298 venisse

87 1332 227 1369 setam
272 1328 406 1369 istam
449 1327 739 1370 Coleochaetis
772 1341 873 1369 cum
908 1327 1238 1382 trichophorico
1271 1326 1493 1382 adparatu
1525 1327 1660 1369 Flori-

87 1398 272 1440 dearum
321 1412 595 1454 comparare,
644 1398 688 1440 id
733 1398 958 1453 explicatu
991 1397 1169 1440 facilius
1202 1411 1383 1453 quoque
1416 1397 1655 1440 videretur.

87 1469 220 1512 Hanc
268 1475 419 1512 tamen
463 1470 847 1525 comparationem
887 1470 1050 1512 factam
1085 1469 1222 1511 fuisse
1255 1469 1311 1511 ab
1344 1469 1410 1520 iis,
1446 1469 1525 1524 qui
1557 1473 1659 1512 ante

86 1540 195 1583 alios
242 1541 448 1584 insistere
495 1540 829 1583 characteribus
876 1540 1046 1582 altioris
1087 1540 1326 1595 indaginis,
1362 1544 1404 1582 et
1437 1554 1462 1582 a
1495 1540 1660 1595 quibus

87 1613 235 1667 urgeri
289 1612 495 1655 videmus
556 1612 891 1668 systematicam
952 1611 1290 1667 dispositionem
1350 1611 1384 1652 F
1388 1611 1659 1654 loridearum

87 1683 419 1726 characteribus
468 1684 563 1727 istis
612 1683 979 1740 »pliysiologicis»
1026 1683 1308 1725 innitendam
1346 1697 1454 1733 esse,
1488 1682 1532 1725 id
1566 1697 1659 1725 non

86 1756 225 1810 potui,
276 1756 386 1811 quin
436 1756 667 1812 speciatim
717 1754 1143 1805 animadverterem;
1188 1758 1231 1796 et
1262 1754 1346 1795 hoc
1379 1753 1576 1809 quidem,
1611 1757 1661 1796 ut

86 1832 307 1882 putarem,
343 1841 393 1869 eo
428 1827 597 1882 majore
630 1827 742 1882 jure,
777 1841 919 1882 quum
953 1826 1069 1867 inter
1106 1825 1346 1881 Algologos
1388 1824 1660 1880 jamdudum

87 1898 335 1940 innotuerit
367 1898 612 1941 Confervas
636 1903 679 1940 et
701 1898 977 1953 Conjugatas
1001 1898 1190 1940 existere
1213 1896 1370 1938 habitu
1394 1895 1658 1947 simillimas,

87 1970 178 2011 suis
228 1984 331 2012 vero
380 1969 711 2012 characteribus
762 1968 1129 2024 »physiologicis»
1166 1993 1222 1998 —-
1256 1968 1292 2010 si
1341 1967 1524 2022 quidem
1572 1967 1656 2009 hoc

86 2041 269 2082 nomine
303 2041 368 2082 uti
401 2046 656 2096 opporteret
688 2066 746 2070 —
778 2054 916 2095 quam
949 2039 1286 2082 evidentissime
1319 2038 1564 2080 distinctas.

231 2112 309 2153 Sin
343 2126 448 2154 vero
480 2112 544 2154 ita
575 2112 710 2154 nullis
744 2111 893 2153 dubiis
923 2125 1081 2154 vacare
1104 2114 1311 2166 putarem
1336 2109 1657 2151 Coleochaetem

87 2187 223 2238 atque
256 2184 353 2238 ejus
386 2184 543 2225 affinia
577 2183 754 2225 Genera
786 2182 841 2224 ad
875 2182 1097 2224 familiam
1130 2196 1156 2223 a
1189 2180 1405 2223 Florideis
1429 2179 1660 2223 evidenter

88 2253 346 2296 distinctam
395 2256 629 2309 pertinere,
680 2253 822 2296 multo
870 2258 1022 2295 tamen
1070 2252 1299 2294 difficilius
1343 2251 1396 2294 de
1430 2251 1659 2293 nonnullis

89 2324 340 2368 Generibus
387 2326 486 2367 aliis
530 2325 874 2380 dijudicandum
909 2339 1005 2367 esse
1038 2324 1243 2366 lubenter
1275 2336 1577 2378 agnoscerem,
1612 2322 1658 2363 in

88 2396 253 2451 quibus
286 2397 544 2452 peritissimi
578 2411 760 2452 quoque
792 2396 932 2439 nostri
966 2396 1049 2438 aevi
1083 2394 1287 2450 Algologi
1320 2394 1488 2436 formas
1526 2392 1660 2435 Flori-

88 2467 273 2510 dearum
322 2483 563 2523 agnoscere
612 2472 840 2523 putarunt.
904 2466 1143 2523 Ejusmodi
1191 2466 1360 2507 formas
1403 2468 1511 2520 puto
1550 2476 1656 2505 non·

88 2538 235 2581 nullas
285 2539 463 2595 Species
508 2553 638 2594 aquae
685 2538 842 2588 dulcis,
886 2551 998 2593 quas
1036 2537 1092 2579 ad
1126 2551 1259 2579 suum
1294 2535 1447 2577 Genus
1480 2535 1658 2576 Trente·

89 2610 253 2666 pohliae
298 2611 450 2653 retulit
494 2610 540 2653 C.
576 2611 627 2651 A.
662 2609 868 2666 Agardh;
920 2614 963 2650 et
994 2609 1110 2650 inter
1142 2608 1223 2649 has
1257 2606 1486 2662 speciatim
1521 2604 1656 2646 nomi-

89 2696 244 2724 narem
298 2683 638 2735 Trentepohlz'am
678 2681 936 2735 pulchellam
991 2680 1031 2734 (a
1080 2680 1245 2721 Hassal
1291 2678 1337 2720 in
1389 2677 1491 2719 Ταῦ.
1544 2675 1660 2718 VIII

89 2752 217 2794 icone
250 2753 355 2795 data
387 2758 454 2795 sat
487 2753 600 2795 bene
633 2750 1069 2806 recognoscendam)‚
1094 2763 1232 2805 quam
1265 2753 1357 2791 toto
1390 2761 1470 2790 suo
1502 2745 1658 2788 habitu

90 2836 191 2864 cum
228 2824 556 2865 (tallithamniis
590 2824 650 2865 ita
679 2822 919 2865 convenire
941 2821 1163 2876 adparuit,
1188 2825 1238 2862 ut
1260 2818 1382 2861 nullo
1406 2818 1499 2860 fere
1522 2816 1658 2859 dubio

91 2895 222 2936 allato
273 2895 376 2936 huic
426 2895 589 2936 Generi
632 2894 978 2935 adnumeratam
1015 2892 1167 2941 fuisse,
1203 2890 1349 2932 dicere
1382 2889 1541 2930 liceret.
1605 2886 1658 2928 In
