1779 3068
715 57 1087 99 CALLOPHYLLIS.
1631 60 1681 101 17

147 175 188 216 9.
261 173 370 216 ΘΑΕ.
405 188 714 216 OBTUSIFOLIA
754 175 798 218 J.
832 176 914 230 Ay.
963 174 1088 230 (ΘΑΕ.
1124 190 1338 217 FURGATA
1372 176 1548 218 Farlow
1590 189 1684 232 par-

262 245 358 300 tim)
378 244 429 300 ²⁸).

121 341 189 382 10.
261 339 369 381 CAL.
405 354 639 382 VIOLACEA
674 341 718 384 J.
754 340 834 395 Ay.
856 339 936 396 **).

674 457 782 482 *Μ*
816 459 1064 502 Frondibus
1095 460 1371 513 complanatis
1402 460 1687 502 erectiuseulis

817 534 855 572 et
896 530 1054 573 strictis
1095 544 1220 584 quam
1260 531 1446 573 maxime
1480 531 1685 584 decompo-

817 601 924 651 sitis,
966 601 1189 655 seymentis
1223 601 1403 655 repetita
1435 602 1687 645 dichotomia

817 672 973 714 sensim
1025 672 1244 725 conspicue
1290 672 1563 723 tenuioribus,
1611 687 1687 715 suo

818 742 979 784 ambitu
1004 742 1102 797 fere
1133 743 1379 796 linearibus,
1411 744 1688 797 inferioribus

815 813 1108 865 subpinnatim
1141 814 1369 866 dispositis,
1394 814 1688 857 terminalibus

816 884 1213 939 mayisflabellatim
1226 885 1530 927 discedentibus
1542 885 1689 938 (quasi

817 955 1113 1009 corymbosis);
1169 956 1442 1009 cystocarpiis
1491 956 1539 998 in
1590 956 1688 1009 ipsa

810 1026 969 1080 fronde
996 1026 1213 1080 yeneratis
1245 1031 1290 1068 at
1310 1026 1402 1068 sine
1424 1026 1570 1069 ordine
1593 1028 1689 1069 bene

818 1097 1038 1150 conspicuo
1081 1097 1258 1150 sparsis,
1293 1111 1401 1151 scepe
1431 1112 1547 1140 secus
1578 1111 1688 1140 mar-

814 1168 935 1223 ye'nes
981 1172 1282 1222 seymentorum
1327 1169 1452 1223 infra
1493 1169 1687 1212 termina-

817 1240 920 1282 lium
953 1239 1130 1294 sparsis.

260 1381 293 1423 *)
319 1382 395 1416 Sub
434 1382 589 1416 nomine
631 1381 668 1416 Ο.
695 1381 916 1426 obtusifolice
953 1382 1047 1416 duas
1086 1382 1228 1416 formas
1267 1382 1447 1416 obvenire
1478 1383 1603 1416 dicere
1629 1383 1687 1416 fas

114 1445 183 1484 est,
223 1444 423 1483 utramque
460 1441 533 1475 sub
571 1441 726 1475 nomine
768 1440 803 1475 Ο.
824 1440 990 1485 furcatoe
1014 1441 1117 1475 Farl.
1150 1441 1245 1474 mihi
1276 1442 1443 1475 missam.
1494 1442 1539 1475 In
1565 1442 1689 1475 forma

115 1500 295 1544 primaria
322 1503 451 1534 nostra
480 1499 537 1542 (0.
557 1499 769 1546 obtusifolia
794 1499 834 1534 J.
859 1500 946 1545 Ay.)
974 1501 1147 1534 frondem
1174 1500 1295 1543 magis
1321 1501 1391 1535 rite
1417 1500 1686 1543 dichotomam,

115 1562 153 1593 et
194 1559 321 1602 apices
364 1559 554 1601 foliorum,
598 1570 827 1603 quamquam
870 1562 1097 1601 attenuatos,
1140 1562 1269 1593 tamen
1312 1560 1468 1594 obtusos
1511 1560 1687 1594 dicerem.

114 1618 240 1652 Aliam
267 1629 356 1653 vero
382 1620 516 1661 postea
541 1629 691 1662 quoque
716 1619 846 1661 habui,
873 1619 1095 1661 segmentiis
1122 1619 1257 1653 mediis
1284 1630 1437 1653 sursum
1463 1620 1584 1662 magis
1605 1631 1688 1654 con-

113 1677 246 1721 spicue
285 1677 463 1719 dilatatis,
490 1689 593 1712 nunc
632 1689 782 1721 quoque
813 1678 853 1711 in
885 1679 994 1721 plura
1019 1681 1217 1721 segmenta
1242 1679 1355 1722 fissis,
1381 1679 1527 1722 apicem
1555 1690 1687 1714 versus

114 1736 320 1780 conspicue
355 1737 579 1771 attenuatis:
619 1738 718 1771 hanc
748 1738 820 1771 sub
846 1738 1001 1771 nomine
1031 1737 1068 1772 0.
1087 1736 1254 1782 furcatoe
1279 1738 1518 1772 retinendam
1544 1740 1687 1782 putavi.

114 1796 284 1830 Eandem
312 1806 463 1839 quoque
488 1797 560 1830 sub
585 1796 741 1830 nomine
770 1796 807 1831 Ο.
834 1796 1020 1841 disciyeroe
1045 1797 1202 1831 missam
1228 1797 1356 1831 habui.

259 1854 316 1896 *ἢ
341 1855 434 1896 Quae
472 1855 562 1889 olim
601 1856 674 1890 sub
708 1857 864 1890 nomine
899 1855 934 1891 O.
964 1856 1128 1891 violaceoe
1153 1867 1175 1890 a
1200 1867 1261 1890 me
1287 1857 1478 1900 descripta
1503 1858 1577 1891 fuit
1603 1858 1688 1901 Spe-

113 1915 190 1949 cies
216 1913 324 1948 Bidr.
351 1914 431 1959 Aly.
459 1913 555 1959 Syst.
581 1914 652 1950 IV.
673 1926 714 1959 p.
740 1916 801 1957 34,
829 1926 913 1950 eam
940 1927 1043 1950 nunc
1069 1916 1250 1950 obvenire
1276 1916 1399 1950 colore
1424 1917 1496 1950 rite
1520 1917 1688 1952 violaceo

114 1973 351 2016 instructam,
378 1985 480 2008 nunc
506 1985 595 2009 vero
620 1975 700 2009 fere
726 1975 941 2010 coccineam
968 1985 1029 2009 me
1054 1975 1197 2010 Vidisse
1223 1976 1348 2009 dicere
1374 1977 1431 2009 fas
1459 1978 1527 2018 est,
1555 1980 1687 2020 utpote

113 2033 275 2067 eandem
301 2044 404 2067 nunc
429 2044 580 2076 quoque
609 2033 645 2068 O.
674 2033 860 2069 laciniatoe
889 2035 1045 2068 nomine
1070 2035 1293 2078 inscriptam
1321 2035 1410 2078 vidi,
1437 2036 1688 2079 frondemque

113 2091 215 2126 illius
254 2103 356 2126 nunc
394 2093 515 2135 magis
551 2093 809 2128 dichotomam
836 2097 874 2128 et
899 2104 1063 2137 superne
1088 2094 1310 2128 flabellatim
1336 2105 1545 2138 expansam
1573 2099 1610 2129 et
1635 2096 1688 2130 in-

115 2162 231 2195 super
265 2154 385 2185 totam
415 2152 586 2195 plantam
612 2153 817 2187 admodum
844 2153 1143 2197 decompositam
1168 2153 1283 2197 (nunc
1308 2154 1388 2187 fere
1414 2154 1601 2197 pinnatim
1629 2155 1687 2189 de-

113 2211 375 2254 compositam,
414 2211 506 2254 quin
545 2212 661 2246 etiam
698 2212 888 2256 margines
926 2212 1067 2247 foliolis
1105 2213 1406 2256 prolificantibus
1437 2213 1685 2255 instructam).

115 2270 288 2313 Speciem
325 2270 425 2304 hanc
463 2271 510 2304 ad
548 2281 633 2305 oras
672 2271 888 2306 Californiae
926 2271 1163 2315 frequentius
1200 2272 1469 2307 obvenientem
1495 2275 1684 2315 putarem;

115 2339 265 2371 quoque
303 2328 463 2363 diversis
501 2330 722 2364 nominibus
757 2331 984 2365 instructam
1015 2330 1109 2369 vidi;
1138 2330 1337 2365 coccineam
1363 2331 1456 2373 quin
1481 2332 1598 2365 immo
1624 2342 1686 2366 no-

114 2387 217 2421 mine
247 2386 283 2421 0.
310 2387 513 2429 laciniatae;
538 2387 734 2423 violaceam
759 2390 831 2423 sub
856 2390 1012 2423 nomine
1042 2389 1077 2424 0.
1097 2389 1353 2433 flabellulatoe;
1380 2390 1547 2424 sterilem
1575 2390 1686 2425 viola-

114 2456 220 2480 ceam
248 2446 369 2489 magis
395 2447 617 2481 flabellatim
644 2458 852 2491 expansam
879 2449 1034 2482 nomine
1056 2448 1092 2483 C.
1114 2448 1298 2493 disciqeroe
1315 2449 1538 2492 inscriptam
1556 2450 1685 2484 habui.

114 2505 216 2549 Hinc
244 2505 417 2548 Speciem
443 2506 490 2539 ad
516 2516 600 2539 oras
638 2506 853 2541 Californiae
879 2508 1115 2550 frequentius
1143 2508 1410 2542 obvenientem
1437 2511 1621 2551 putarem,
1649 2511 1687 2543 et

114 2564 326 2608 specimina
363 2565 457 2608 quin
493 2565 611 2599 immo
646 2576 767 2608 usque
793 2566 943 2609 pedalia
969 2570 1006 2600 et
1031 2567 1237 2601 admodum
1264 2567 1524 2611 decomposita
1549 2578 1610 2601 me
1636 2567 1686 2602 vi-

114 2623 217 2658 disse
253 2624 429 2658 dicerem.
481 2624 707 2668 Specimina,
735 2636 818 2668 quae
849 2625 1157 2669 cystocarpiifera
1183 2626 1272 2668 vidi,
1300 2636 1360 2661 me
1385 2626 1511 2669 judice
1538 2626 1686 2669 dignos-

115 2685 249 2716 cantur
289 2683 535 2726 cystocarpiis
573 2683 613 2717 in
649 2684 754 2718 disco
779 2687 1063 2727 segmentorum
1089 2685 1172 2719 sine
1199 2685 1330 2719 ordine
1356 2686 1453 2720 bene
1480 2685 1685 2729 conspicuo

114 2741 268 2785 sparsis,
305 2753 408 2776 nunc
445 2742 566 2785 magis
605 2742 765 2786 singulis
801 2743 1044 2787 distantibus,
1076 2754 1178 2778 nunc
1204 2744 1376 2788 pluribus
1402 2748 1449 2779 at·
1467 2744 1598 2788 paucis
1625 2745 1685 2781 ad-

114 2800 352 2843 proximatis.
1266 2806 1273 2810 ”

1522 2874 1544 2909 2
