1779 3068
731 93 1054 136 GRAOILARIAE.
1619 95 1669 137 81

107 212 279 254 cellulis
322 212 612 262 brevioribus,
657 211 801 266 magis
833 212 977 252 forma
1010 211 1202 266 oblonga
1235 211 1570 265 dignoscendis;
1605 212 1674 254 his

107 282 360 324 accuratius
406 282 674 336 comparatis
717 287 867 336 patere
902 281 1057 336 putavi
1091 282 1271 323 cellulas
1304 296 1458 324 revera
1491 296 1585 324 esse
1619 283 1675 324 al-

106 356 335 395 ternantes
367 352 475 407 ipsis
508 351 600 393 suis
634 351 848 406 apicibus,
883 356 927 392 at
959 351 1028 393 his
1066 366 1223 407 parum
1258 353 1522 407 conspicuis.

250 422 303 463 In
337 421 505 476 Specie,
539 422 669 476 cujus
703 422 872 463 intimae
907 426 1083 463 tantum
1118 422 1377 464 cellularum
1406 424 1540 465 series
1563 425 1674 479 ejus-

109 492 230 535 modi
263 493 455 534 formam
489 491 859 546 platycystideam
896 493 1056 533 offerre
1091 493 1200 534 mihi
1225 493 1551 547 adparuerunt;
1587 509 1674 536 eas-

107 563 210 605 dem
260 577 364 605 vero
411 562 599 617 paginas
647 576 802 603 versus
852 562 1046 604 obtectas
1089 562 1179 605 vidi
1223 563 1390 605 cellulis
1424 565 1566 619 magis
1603 565 1674 606 ob-

107 634 265 688 longis,
298 658 356 663 —
389 632 627 674 transitum
677 632 939 687 parantibus
985 632 1041 673 ad
1081 633 1317 675 exteriores
1353 635 1494 688 magis
1527 640 1673 677 rotun-

107 703 480 758 dato-angulatas,
524 716 637 757 quas
669 702 874 744 lubenter
908 702 1270 758 microcystideas
1303 704 1491 746 dixerim
1526 731 1582 735 —
1614 706 1675 761 ip-

107 789 203 817 sam
236 775 430 816 formam
465 773 639 814 frondis
672 772 767 814 fieri
799 773 893 814 fere
918 773 1266 822 teretiusculam,
1292 774 1374 816 hoc
1397 775 1491 817 loco
1514 775 1675 818 addere

108 845 289 901 placuit,
334 849 489 900 utpote
526 844 625 899 ipsa
657 843 740 885 hac
774 847 997 884 structura
1030 844 1268 885 transitum
1302 850 1410 900 puto
1443 846 1677 888 evidentis-

107 916 273 958 simum
316 915 461 970 parari
502 915 618 956 inter
661 914 928 955 Gracilarias
962 914 1164 968 proprias
1197 914 1344 968 (sensu
1378 916 1601 971 Grevillei)
1635 922 1678 958 et

107 987 219 1029 alias
262 987 443 1035 formas,
488 986 579 1027 suis
613 984 918 1026 habitualibus
951 984 1282 1026 characteribus
1314 985 1677 1041 Rhodymeniam

109 1058 220 1099 mire
248 1057 504 1106 referentes,
531 1070 644 1111 quas
677 1055 732 1097 ad
768 1054 1034 1097 Sub-Genus
1067 1054 1204 1096 Podei
1227 1055 1389 1097 referre
1413 1056 1517 1098 olim
1542 1071 1677 1099 ausus

109 1142 223 1170 sum.
288 1127 340 1169 In
389 1127 545 1182 Specie
593 1127 723 1177 dicta,
765 1126 802 1168 si
848 1140 945 1168 eam
982 1140 1035 1167 ex
1069 1126 1313 1181 specimine
1347 1127 1564 1168 exsiccato
1597 1128 1678 1170 rite

107 1198 420 1254 judicaverim,
470 1212 553 1239 nec
601 1202 831 1253 segmenta
874 1196 1046 1238 frondis
1078 1196 1337 1238 flabellatim
1372 1211 1568 1252 expansa
1601 1199 1677 1251 (ra-

108 1270 194 1311 mis
243 1268 486 1311 earundem
531 1283 557 1310 a
599 1268 878 1323 marginibus
927 1267 1101 1309 frondis
1148 1268 1397 1322 palmatim,
1441 1268 1677 1323 pinnatim,

108 1345 187 1382 aut
233 1354 360 1395 vage,
410 1339 785 1394 prolificationum
835 1338 889 1380 ad
931 1338 1084 1388 instar,
1131 1337 1412 1393 exeuntibus)
1445 1343 1566 1394 puto,
1602 1339 1679 1380 sed

109 1425 258 1453 ramos
292 1410 443 1452 videre
476 1409 645 1452 credidi
669 1423 1035 1464 quoquoversum
1059 1413 1276 1464 patentes,
1300 1409 1525 1463 caespitem
1550 1410 1679 1464 quasi

107 1482 428 1537 corymbosum
461 1481 738 1536 conjunctim
772 1481 1029 1522 formantes.

253 1552 299 1594 Si
345 1556 498 1593 tamen
546 1551 726 1593 cuidam
771 1550 1072 1593 dubitandum
1112 1550 1338 1593 videretur
1370 1551 1549 1593 cuinam
1585 1552 1680 1594 Sec-

109 1623 220 1666 tioni
264 1622 450 1664 Generis
493 1621 716 1678 ejusmodi
763 1621 964 1676 Speciem
999 1621 1099 1676 jure
1131 1622 1414 1663 referendam
1449 1636 1556 1671 esse,
1592 1637 1679 1664 mo—

109 1695 261 1736 nuisse
308 1693 453 1749 placet
499 1707 570 1735 me
618 1693 783 1734 vidisse
831 1693 878 1733 in
928 1692 1169 1748 Speciebus
1215 1706 1296 1734 sua
1326 1693 1501 1735 frondis
1534 1694 1681 1735 forma

109 1764 376 1807 Gracilarias
409 1764 612 1820 proprias
645 1763 789 1818 magis
822 1763 1131 1812 referentibus,
1166 1763 1264 1819 ipsa
1287 1765 1563 1819 cystocarpia
1586 1778 1680 1819 pro-

109 1836 264 1878 venire
312 1835 434 1877 haud
475 1835 522 1876 in
565 1848 838 1889 unaquaque
872 1839 998 1889 parte
1030 1834 1205 1876 frondis
1239 1840 1282 1876 et
1314 1849 1679 1890 quoquoversum

109 1911 325 1963 porrecta,
375 1906 450 1948 sed
499 1905 554 1947 ad
606 1905 792 1947 modum
842 1905 1114 1960 Specierum,
1154 1920 1255 1961 quae
1287 1910 1378 1948 toto
1412 1920 1490 1947 suo
1524 1906 1679 1947 habitu

110 1977 167 2019 ad
202 1977 466 2019 Sub-Genus
498 1976 635 2018 Podei
669 1976 924 2018 referendas
960 1977 1130 2032 putavi,
1158 1977 1206 2018 in
1230 1977 1328 2032 ipsa
1350 1977 1526 2031 pagina,
1552 1976 1679 2030 quasi

109 2048 169 2090 ad
202 2062 254 2090 ea
285 2047 523 2089 formanda
556 2052 820 2102 praeparata,
869 2047 975 2089 hinc
1012 2047 1114 2103 plus
1148 2048 1299 2089 minus
1332 2047 1560 2089 evidenter
1592 2047 1680 2102 pla-

110 2124 228 2165 nata,
278 2119 408 2174 cujus
456 2119 584 2173 quasi
618 2132 644 2160 a
677 2119 830 2160 costali
882 2119 1066 2173 regione
1114 2122 1350 2172 emergunt
1391 2121 1467 2159 aut
1505 2117 1681 2171 singula

109 2195 189 2231 aut
237 2189 459 2245 pauciora.
534 2188 798 2244 Conjunctis
848 2189 1071 2243 ejusmodi
1119 2188 1448 2231 characteribus
1502 2188 1679 2243 Species

110 2274 290 2316 paucaS,
325 2274 405 2302 suo
439 2260 597 2301 habitu
632 2259 898 2302 Gracilarias
933 2260 1136 2315 proprias
1168 2259 1370 2314 proxime
1403 2259 1678 2308 aemulantes,

109 2335 263 2373 tamen
295 2331 349 2372 ad
385 2331 651 2373 Sub-Genus
683 2331 821 2373 Podei
854 2331 1110 2373 referendas
1143 2330 1274 2372 hodie
1307 2329 1484 2371 credidi.

255 2401 299 2443 Si
333 2401 554 2456 ejusmodi
593 2401 771 2457 Species
804 2402 1046 2443 nonnullas
1070 2400 1413 2456 platycystideas
1437 2399 1542 2448 dixi,
1567 2413 1679 2454 quas

112 2472 258 2528 primo
290 2472 456 2514 intuitu
488 2472 666 2514 facilius
699 2473 800 2527 quis
834 2472 888 2514 ad
923 2471 1283 2527 Microcystideas
1306 2484 1400 2512 esse
1422 2470 1680 2512 referendas

111 2543 397 2599 judicaverit3
447 2542 556 2584 alias
605 2543 824 2597 quasdam
879 2543 1056 2598 Species
1103 2555 1282 2596 quoque
1315 2540 1370 2581 ad
1404 2540 1539 2582 Podei
1574 2540 1680 2582 Sub-

112 2613 268 2656 Genus
293 2627 362 2655 me
387 2613 518 2655 hodie
537 2613 739 2655 retulisse
757 2614 840 2655 hoc
859 2614 953 2655 loco
973 2626 1152 2667 quoque
1172 2624 1352 2652 monere
1370 2611 1549 2665 placuit,
1569 2625 1681 2665 quas

113 2698 195 2726 sua
229 2683 490 2726 cellularum
533 2684 681 2726 forma
714 2684 926 2739 primaria
962 2697 1061 2725 cum
1098 2683 1166 2723 his
1200 2682 1342 2736 magis
1375 2682 1679 2735 congruentia,

113 2759 315 2797 attamen
359 2754 528 2796 cellulis
562 2755 653 2797 suis
687 2754 983 2809 complanatis
1017 2753 1179 2794 sensim
1214 2753 1260 2793 in
1292 2753 1483 2792 formam
1519 2752 1681 2793 abeun-

113 2825 235 2868 tibus
269 2839 402 2880 quam
442 2825 836 2880 plectocystideam
870 2824 975 2873 dixi,
1004 2824 1048 2864 in
1084 2822 1324 2877 Speciebus
1357 2822 1453 2864 aliis
1486 2822 1540 2864 ad
1576 2822 1681 2864 Sub-

1483 2939 1486 2942 ,
1518 2906 1538 2939 6
