1779 3068
101 87 160 126 52
727 82 1052 124 GRAGILARIAE.

128 206 166 244 ἴ),
239 202 322 243 GR.
360 215 618 242 FRUTICOSA
653 201 791 243 Haris.
827 201 891 254 (J.
926 201 1007 255 Ay.
1044 201 1190 254 Epicr.
1219 216 1265 254 p.
1301 204 1408 256 416)
1427 201 1478 258 *).

382 320 470 373 †††
502 319 843 360 LICHENOIDEAE
888 319 1048 361 cellulis
1091 320 1368 362 interioribus
1401 322 1557 364 axilem
1589 323 1673 364 cin-

503 390 700 442 qentz'bus
732 391 894 432 ambitu
925 391 1247 444 subsequalibus,
1278 406 1357 433 sua
1379 393 1673 445 maynitucline

507 462 725 504 corticales
777 462 996 515 conspicue
1042 464 1339 515 superantibus
1376 489 1432 493 —
1475 464 1536 505 ita
1584 465 1674 506 suis

507 534 754 576 cellularum
785 533 1029 586 parietibus
1059 535 1389 576 membranaceis
1420 539 1457 576 et
1488 535 1674 578 elasticz's

504 607 633 657 (scepe
654 604 883 659 ,fleoeuosisy
916 604 1041 657 quasi
1061 605 1207 657 spatia
1231 619 1363 647 vacua
1386 605 1673 658 (cellularum)

503 676 812 728 separantibus,
868 680 1125 718 structuram
1181 677 1555 731 macrocystidcam
1607 682 1677 720 sat

505 748 774 799 conspicuam
806 763 843 788 m
851 747 1149 789 onstrantibuS.

539 841 571 873 Ῥ
604 841 820 884 INNOOUAE
861 842 1094 896 frondibus
1134 844 1236 895 plus
1274 844 1415 885 minus
1454 844 1673 896 conspicue

593 913 889 969 filiformibus„
944 914 1079 955 ramis
1130 914 1390 967 ramulisque
1437 915 1481 956 in
1532 915 1673 968 apices

563 975 568 978 ¹
603 985 817 1038 elonyatos
856 986 997 1027 molles
1028 990 1065 1027 et
1096 985 1296 1027 innocuos
1328 987 1673 1039 excurrentibus,-

595 1057 848 1109 juniorz'bus
879 1057 1016 1109 mauis
1048 1058 1251 1103 carnosis,
1279 1057 1562 1099 adultioribus
1584 1071 1670 1100 car-

605 1128 821 1181 tilagineis
863 1128 1102 1181 adspectum
1142 1128 1470 1170 Liclzenoz'deum
1503 1133 1541 1170 et
1572 1129 1670 1170 colo-

602 1213 689 1240 rem
722 1199 991 1241 albescentem
1022 1214 1131 1252 soepe
1162 1200 1503 1241 monstrantibus.

784 1292 806 1315 ²³³
843 1294 996 1335 Ramis
1048 1308 1375 1347 quoquoversum
1427 1295 1669 1348 eyredienuz

842 1366 928 1415 bus,
964 1366 1222 1418 adparenter
1252 1366 1455 1419 ficrcatis,
1490 1367 1671 1407 ramulis

840 1436 1110 1484 tenuioribus,
1131 1451 1242 1479 nunc
1252 1437 1464 1490 pluribus,
1484 1438 1560 1479 sub
1577 1437 1670 1478 unt-

840 1507 1006 1559 fariam
1038 1509 1371 1550 subsecundatis.

126 1605 164 1645 6.
238 1603 322 1644 GR.
359 1602 685 1644 LICHENOIDES
719 1603 763 1645 J.
799 1604 881 1656 Ay.
916 1603 1065 1655 Epicr.
1094 1618 1139 1657 p.
1174 1605 1264 1645 412
1283 1602 1362 1657 Η).

240 1710 272 1747 *ἶ
299 1711 375 1744 Sub
409 1710 564 1743 nomine
602 1708 667 1744 Gr.
688 1708 885 1754 fruticosoe
918 1711 1089 1753 Speciem
1116 1711 1306 1753 quandam
1334 1710 1553 1744 distinctam
1581 1710 1671 1744 olim

96 1770 292 1804 distribuit
318 1770 487 1812 Harvey;
517 1769 666 1811 qualem
695 1773 924 1803 structuram
952 1770 1068 1811 hujus
1096 1770 1184 1811 vidi,
1207 1770 1377 1813 Speciem
1398 1780 1467 1803 sua
1485 1769 1672 1803 affinitate

98 1830 144 1863 ad
172 1828 420 1872 Compressas
447 1829 685 1862 referendam
713 1829 855 1872 putavi,
893 1840 1123 1872 quamquam
1150 1830 1190 1862 in
1216 1829 1425 1872 specimine
1452 1829 1624 1871 originali
1652 1839 1673 1862 a

99 1890 277 1931 Harveyo
315 1888 520 1921 distributo
559 1888 844 1922 ramificationis
881 1899 1052 1922 normam
1081 1889 1270 1931 pinnatim
1297 1889 1608 1931 decompositam,
1636 1891 1673 1921 et

98 1949 187 1982 hinc
226 1948 401 1981 habitum
441 1948 645 1981 admodum
682 1948 875 1982 diversum
911 1948 1056 1991 Speciei
1082 1948 1315 1981 tribuentem
1341 1948 1517 1981 lubenter
1542 1958 1672 1990 agnos-

97 2018 233 2042 cerem.
284 2008 368 2041 Hoc
394 2010 520 2040 autem
548 2007 743 2050 specimen
769 2008 903 2041 sistere
930 2011 1075 2051 typum,
1111 2008 1260 2050 qualem
1288 2007 1328 2040 in
1355 2007 1485 2050 planta
1510 2007 1672 2050 sphaero-

98 2067 283 2110 sporifera
323 2070 478 2108 generat
515 2067 597 2100 haec
636 2067 805 2109 Speciem
843 2078 903 2100 me
930 2070 1057 2100 autem
1084 2070 1216 2110 postea
1244 2067 1424 2100 habuisse
1450 2066 1671 2109 specimina,

98 2130 179 2160 tum
219 2126 339 2168 magis
378 2126 624 2159 teretiuscula
662 2129 699 2159 et
734 2126 854 2168 magis
881 2127 1028 2160 furcata
1060 2125 1334 2159 ramificatione
1366 2126 1562 2168 instructa,
1589 2135 1672 2168 quae

98 2186 144 2219 ad
172 2186 331 2219 eandem
360 2185 530 2228 Speciem
557 2185 761 2228 (structura
786 2186 984 2228 suadente)
1010 2186 1217 2219 referendae
1243 2186 1418 2218 lubenter
1448 2186 1671 2228 suspicarer.

99 2244 291 2279 Confiteor
330 2248 457 2278 tamen
498 2244 603 2285 mihi,
631 2245 879 2278 consideratis
916 2245 1175 2278 habitualibus
1206 2244 1318 2287 notis,
1346 2255 1438 2287 quas
1466 2245 1505 2278 in
1532 2244 1672 2278 nostris

99 2304 374 2347 speciminibus
413 2304 662 2337 obvenientes
702 2304 790 2345 vidi,
835 2305 881 2337 de
920 2304 1119 2338 identitate
1157 2304 1335 2347 specifica
1372 2304 1517 2345 harum,
1557 2304 1674 2338 dubia

100 2364 272 2406 quaedam
305 2363 531 2397 suboluisse.

244 2422 301 2460 ²³²³)
325 2422 548 2456 Meminisse
587 2424 711 2466 placet
749 2424 819 2457 sub
859 2423 1013 2457 nomine
1048 2422 1113 2457 Gr.
1141 2422 1372 2457 Liclzenoz'dis
1404 2434 1505 2466 saepe
1531 2424 1672 2456 formas

101 2482 262 2515 marium
302 2482 536 2524 calidiorum,
575 2485 656 2515 tum
696 2483 818 2516 forma
851 2485 887 2516 et
920 2483 1205 2516 ramificationis
1232 2493 1366 2516 norma
1392 2482 1595 2516 admodum
1623 2482 1673 2515 di-

100 2541 271 2583 stinctas,
298 2543 337 2574 at
362 2541 578 2574 substantia
604 2552 673 2575 sua
700 2542 819 2584 magis
847 2542 1100 2584 cartilaginea,
1129 2545 1166 2575 et
1189 2542 1312 2576 colore
1331 2542 1546 2575 albescente
1565 2541 1673 2584 quasi

102 2599 340 2634 Lichenoidea
378 2600 464 2643 plus
504 2601 630 2634 minus
669 2604 921 2643 congruentes
957 2601 1047 2634 olim
1081 2601 1292 2635 intellectas
1319 2601 1449 2635 fuisse.
1501 2601 1672 2644 Speciem

102 2659 173 2692 hoc
212 2659 324 2692 modo
363 2659 595 2693 intellectam
635 2660 834 2703 complecti
873 2661 1015 2693 formas
1049 2660 1209 2694 aliarum
1245 2660 1474 2704 Specierum,
1501 2671 1523 2693 a
1549 2660 1673 2694 radice

102 2720 282 2760 arreptas,
323 2720 360 2751 et
397 2718 437 2751 in
476 2718 582 2752 littus
616 2719 770 2752 demum
801 2719 941 2762 ejectas
968 2722 1082 2762 atque
1108 2719 1187 2753 sole
1214 2719 1419 2763 expositas,
1447 2719 1585 2762 saepius
1613 2729 1673 2752 me

101 2776 244 2809 vidisse
270 2780 373 2819 puto.
426 2778 502 2810 Nec
528 2778 643 2820 igitur
669 2778 715 2811 de
742 2779 801 2811 his
829 2779 900 2812 hoc
927 2779 1009 2812 loco
1041 2778 1174 2821 agitur.

247 2836 416 2878 Speciem
451 2839 579 2870 tamen
613 2837 803 2881 propriam
837 2838 876 2871 in
911 2838 1079 2871 maribus
1107 2838 1349 2871 calidioribus
1376 2837 1567 2879 obvenire,
1595 2848 1672 2871 suae
