1779 3068
118 122 200 162 120
751 114 1045 155 ENDOGENIA.

112 239 259 280 adhuc
293 249 436 292 pauca
469 234 522 276 de
556 237 779 275 structura
812 236 855 273 et
886 231 1107 272 affinitate
1140 230 1278 285 hujus
1310 229 1488 284 plantae,
1518 228 1683 271 addere

112 308 291 364 placuit.

255 378 527 433 Fragmenta
569 374 731 416 fertilia
774 387 874 428 quae
907 372 1040 414 hodie
1073 371 1127 413 ad
1163 371 1353 414 eandem
1386 371 1586 426 plant-am
1619 383 1683 411 re-

110 450 226 492 ferre
273 462 409 491 ausus
458 461 571 496 sum,
622 460 761 500 quam
805 449 938 491 antea
980 443 1375 486 Gracilarioideam
1411 456 1492 484 suo
1524 440 1682 483 habitu

113 520 219 570 dixi,
254 521 413 562 offerre
445 524 546 560 tuas
577 522 726 573 partes
749 515 1050 558 caulescentes
1074 519 1117 557 et
1138 514 1408 569 principales
1431 513 1683 555 conformes

111 591 339 648 adspectu,
390 591 425 631 si
474 603 656 644 quoque
704 587 956 629 substantia
1004 586 1223 628 firmiores
1269 590 1311 627 et
1348 584 1480 626 facile
1513 583 1684 625 diceres

112 661 254 716 magis
303 674 525 707 carnosas,
576 659 632 701 ob
681 658 863 701 cellulas
911 672 1064 700 earum
1115 658 1243 712 quasi
1293 657 1436 711 magis
1479 653 1685 710 adproxi-

112 738 268 778 matas,
314 730 535 785 expressis
568 729 718 771 verbis
757 728 924 770 dixisse
957 732 1174 784 opportet.
1238 727 1515 770 Peculiarem
1550 726 1681 767 istam

112 802 452 857 dispositionem
501 800 776 849 cellularum,
827 814 964 855 quam
1013 800 1059 840 in
1106 799 1175 841 his
1222 798 1327 848 vidi,
1364 798 1505 839 multo
1539 795 1683 851 magis

112 872 352 914 convenire
385 885 489 913 cum
522 885 585 921 ea,
622 885 758 926 quam
793 871 840 911 in
873 884 955 911 sua
991 869 1210 912 Chondria
1242 870 1374 910 rubra
1403 867 1551 923 pinxit-
1573 866 1685 908 Har-

110 958 196 999 vey
229 943 379 998 (Phyc.
406 943 551 984 Austr.
580 944 660 984 tab.
687 943 800 995 280)
822 967 880 971 -—
903 955 1004 995 quae
1038 954 1218 996 quoque
1251 939 1343 981 suis
1377 936 1683 980 habitualibus

111 1015 228 1056 notis
277 1013 611 1069 quodammodo
660 1027 762 1056 cum
812 1017 965 1055 nostra
1017 1011 1256 1054 convenire
1304 1011 1455 1052 forsan
1504 1008 1683 1051 cuidam

111 1086 339 1128 videretur
370 1111 440 1135 —‚
475 1089 625 1127 tamen
672 1085 735 1126 ita
774 1084 998 1126 diversam
1032 1083 1149 1124 hanc
1182 1082 1293 1124 mihi
1327 1081 1601 1136 adparuisse,
1636 1083 1686 1120 ut

112 1171 193 1199 nec
242 1157 287 1197 in
327 1159 559 1211 segmento
602 1154 891 1197 transversali
930 1154 1172 1209 adparatus
1206 1152 1481 1194 intercalaris
1514 1150 1684 1206 conspi-

111 1228 266 1275 eiatur,
316 1241 398 1269 nec
435 1226 666 1268 interiores
707 1225 890 1275 cellulae,
931 1225 1125 1267 sectione
1158 1223 1333 1266 frondis
1366 1221 1681 1278 longitudinali

111 1299 370 1346 observatae,
421 1298 464 1339 in
516 1297 728 1352 siphones
770 1297 999 1351 elongatos
1040 1301 1082 1337 et
1126 1295 1408 1350 longitudine
1440 1292 1685 1347 inaequales

111 1374 343 1424 protractae
393 1369 660 1424 adpareant3
711 1382 793 1410 nec
842 1367 1023 1409 cellulas
1067 1366 1296 1408 corticales
1336 1379 1462 1407 secus
1495 1364 1687 1418 longitu-

112 1440 263 1482 dinem
313 1440 542 1495 elongatas
591 1453 662 1481 me
707 1439 968 1481 observasse
1009 1437 1201 1479 dicerem
1237 1435 1563 1492 (praetermissis
1597 1449 1684 1476 om-

110 1512 219 1553 nino
268 1510 600 1553 characteribus
649 1525 673 1552 a
723 1514 946 1552 structura
994 1508 1141 1550 nuclei
1190 1507 1572 1563 cystocarpiorum
1614 1505 1683 1547 de-

112 1582 271 1629 ductis,
316 1582 481 1637 quibus
523 1581 817 1623 suadentibus
857 1580 1116 1623 Chondriam
1151 1579 1326 1620 rubram
1360 1576 1682 1631 Harveyanam

112 1654 309 1709 typicam
345 1653 501 1708 putavi
536 1652 699 1693 Generi
733 1665 865 1701 novo,
895 1650 1016 1705 quod
1041 1649 1124 1692 sub
1148 1649 1330 1691 nomine
1356 1648 1688 1701 Rhododaetylz‘s

111 1729 265 1779 postea
298 1724 414 1765 inter
448 1723 747 1778 Hypneaceas
780 1735 929 1764 creare
963 1734 1100 1762 ausus
1134 1720 1250 1774 sum)
1271 1718 1323 1774 “³').

256 1795 386 1844 Quod
437 1794 632 1848 denique
681 1793 841 1835 attinet
882 1793 1002 1847 ipsas
1041 1797 1189 1846 partes
1223 1790 1404 1840 fertiles,
1439 1790 1486 1831 in
1520 1790 1685 1845 quibus

113 1866 308 1922 denique
356 1865 635 1921 cystocarpia
682 1864 957 1919 Endogeniae
992 1889 1049 1892 ——
1082 1867 1278 1904 attamen
1323 1861 1596 1917 paucissima
1629 1887 1684 1891 —

112 1937 358 1979 hodiedum
394 1935 600 1990 detegere
634 1935 744 1976 mihi
768 1934 893 1976 licuit
914 1960 971 1963 -—
995 1933 1064 1974 his
1088 1933 1273 1974 demum
1296 1931 1683 1974 evidentissimum

112 2008 206 2049 fieri
241 2008 395 2049 Genus
428 2020 524 2048 esse
557 2007 625 2048 sui
658 2006 784 2060 juris,
820 2004 942 2064 quod
975 2018 1057 2046 nec
1092 2003 1205 2046 bene
1239 2017 1342 2044 cum
1376 2002 1462 2044 alio
1486 2002 1683 2057 quodam

113 2078 422 2120 Floridearum
456 2077 630 2119 Genere
665 2076 772 2117 mihi
809 2075 988 2130 cognito
1021 2074 1262 2117 convenire
1296 2073 1504 2115 dicerem.
1559 2073 1686 2128 Ipsas

113 2154 261 2205 partes
310 2148 565 2190 fructiferas
615 2147 816 2189 aemulari
866 2145 1068 2202 plantam
1118 2145 1347 2200 propriam
1382 2170 1439 2174 —-
1471 2144 1686 2199 adspectu

112 2222 207 2262 fere
255 2219 625 2275 Polysiphoniam
675 2218 904 2273 quandam
946 2217 992 2258 in
1033 2216 1292 2258 rachidibus
1327 2215 1686 2257 Gracilarioideis

113 2291 349 2347 parasitice
397 2295 671 2332 crescentem
704 2315 762 2319 —
793 2290 886 2345 jam
936 2288 1074 2329 dubia
1123 2301 1302 2329 movere
1345 2291 1467 2342 patet
1499 2286 1554 2328 de
1587 2300 1685 2328 con-

258 2458 290 2501 ²'‘)
314 2460 359 2491 In
397 2457 648 2501 Morpholoyia
674 2456 933 2491 Floridearum
960 2457 1013 2500 (p.
1041 2456 1133 2498 256)
1165 2455 1378 2489 describere
1405 2457 1562 2487 conatus
1590 2464 1686 2493 sum,

115 2523 152 2551 et
183 2518 221 2551 in
263 2517 387 2551 Tabul.
416 2516 556 2550 XXIX
580 2516 740 2560 (Florid.
767 2515 912 2559 Morph.
940 2515 979 2549 in
1007 2517 1085 2549 Act.
1117 2514 1236 2549 Helm.
1264 2514 1379 2556 1879)
1419 2513 1548 2546 icones
1588 2512 1685 2551 dedi,

114 2578 251 2619 quibus
279 2588 391 2619 quam
419 2576 707 2610 evidentissime
732 2576 994 2609 demonstrare
1019 2574 1161 2618 putavi,
1181 2573 1370 2616 quomodo
1390 2572 1520 2606 Genus
1541 2571 1687 2605 Rhodo-

114 2637 273 2679 ‹glactylis
299 2638 403 2679 (typo
435 2635 618 2670 Chondria
643 2634 757 2669 rubr‘a
784 2635 917 2676 Harv.)
952 2631 1242 2676 intelligendum
1269 2632 1411 2676 putavi.
1464 2632 1545 2665 Hac
1572 2635 1686 2664 struc-

114 2699 198 2728 tura
236 2696 420 2729 suadente
459 2696 636 2729 nucleum
675 2695 715 2728 in
754 2695 902 2729 Genere
941 2693 1240 2736 Rhododactylis
1278 2692 1445 2725 indicare
1479 2691 1685 2724 affinitates

116 2766 199 2787 cum
241 2756 492 2798 Hypneaceis,
525 2755 617 2788 mihi
647 2755 868 2797 adparuisse
894 2754 1069 2787 dicerem.
1122 2752 1279 2793 Qualem
1307 2754 1534 2784 structuram
1563 2749 1688 2783 nuclei

116 2814 153 2846 in
196 2814 415 2856 lcmlogenia
453 2825 513 2848 me
552 2814 665 2847 hodie
702 2813 1026 2857 interpretandam
1062 2812 1204 2855 putavi,
1232 2811 1346 2844 talem
1374 2810 1541 2843 indicare
1567 2808 1687 2842 affini-

116 2876 212 2905 tates
241 2884 324 2905 cum
354 2874 607 2915 Hypneaceis,
629 2873 691 2906 vix
720 2873 869 2906 cuidam
889 2872 1002 2905 hodie
1021 2871 1059 2904 in
1081 2874 1245 2904 mentem
1267 2870 1395 2904 venire
1414 2871 1685 2911 exspectarem.
