1779 3068
719 92 1044 134 GRAcnmRIAE.
1608 94 1662 134 37

100 210 398 261 fro11dis,·aut
431 211 477 252 in
510 210 844 252 ramiticationis
884 224 1042 252 norma
1075 210 1365 253 diversitates,
1402 210 1445 252 id
1480 216 1575 252 tum
1610 226 1663 251 ex

100 282 250 337 typica
297 283 590 336 congruentia
637 281 683 323 in
731 282 828 336 ipsa
871 285 1093 323 structura
1127 280 1296 323 frondis
1330 282 1550 323 interioris
1584 282 1665 324 rite

99 352 400 408 interpretata,
437 358 532 394 tum
566 367 619 394 ex
654 352 854 407 partibus
888 352 1130 393 fructiferis
1163 353 1244 394 rite
1272 351 1507 394 intellectis
1531 352 1665 394 dedu-

100 423 290 465 cendum
335 429 553 479 putarem.
618 423 905 478 (lystocarpia
950 423 1177 471 nimirum,
1213 437 1499 478 quocumque
1533 423 1664 464 niodo

100 493 314 549 disposita
346 494 594 549 adpareant
615 520 671 523 ——
695 508 875 549 quoque
909 494 951 534 in
989 494 1229 545 Speciebus
1264 508 1344 536 sua
1379 496 1523 536 forma
1548 495 1665 535 fron-

100 564 166 606 dis
209 579 342 620 quam
390 566 583 607 maxime
626 565 812 607 diversis
852 591 903 595 ——
937 565 1171 619 insigniter
1219 566 1511 620 congruentia
1559 565 1662 610 vidi.

100 649 187 676 non
234 641 408 677 tantum
449 636 596 690 quoad
632 641 901 677 structuram
938 636 1172 691 pericarpii
1207 636 1448 677 admodum
1485 635 1663 680 evoluti,

98 720 178 748 suo
221 707 517 760 carpostomio
561 706 783 747 terminali
829 707 958 759 (inter
991 707 1170 748 cellulas
1206 706 1397 748 radiatas
1431 707 1663 761 pericarpii

98 777 343 831 exterioris)
388 777 561 822 muniti,
607 776 681 817 sed
727 777 949 831 praecipue
989 791 1069 818 sua
1112 777 1316 832 placenta
1355 778 1561 818 interiore
1596 791 1665 818 va-

98 847 200 894 lida.
251 848 433 889 demum
477 861 614 902 supra
657 847 809 888 basem
843 847 1078 902 pericarpii
1113 848 1274 889 eximie
1309 848 1575 902 prominula,
1610 848 1665 889 ab

97 919 224 960 initio
272 933 377 960 mox
426 919 516 960 fere
560 917 754 972 globosa,
801 924 843 959 et
875 917 1044 959 cellulis
1078 918 1347 973 adparenter
1379 919 1474 959 sine
1508 918 1664 959 ordine

98 989 210 1045 bene
259 990 500 1045 conspicuo
548 994 767 1035 contexta,
817 988 919 1030 dein
963 990 1111 1043 (prout
1148 990 1427 1030 consumitur
1461 990 1665 1043 placenta

97 1060 350 1102 evolutione
383 1061 557 1102 filorum
591 1059 835 1115 gemmidia
868 1060 1196 1114 generantium)
1240 1061 1402 1101 sensim
1444 1060 1666 1101 diminuta

97 1138 140 1173 et
172 1133 301 1186 quasi
334 1131 500 1188 cryptis
534 1132 626 1173 fere
660 1131 947 1173 circumcirca
980 1130 1202 1183 generatis
1236 1155 1292 1160 ——
1325 1131 1370 1171 in
1405 1131 1568 1185 quibus
1593 1130 1665 1172 tila

96 1202 444 1257 gemmidiorum
494 1203 622 1258 quasi
673 1201 969 1244 fasciculatim
1018 1202 1259 1255 conjuncta
1305 1202 1576 1256 proveniunt
1611 1227 1666 1231 —

97 1274 346 1329 exsculpta;
381 1274 490 1329 ipsis
523 1273 652 1329 quasi
685 1273 855 1315 cellulis
888 1274 1105 1328 placentae
1139 1273 1184 1313 in
1219 1273 1306 1314 ima
1340 1278 1464 1327 parte
1490 1272 1663 1313 tiloruin

98 1345 354 1399 (gemmidia
388 1345 716 1400 generantium)
749 1345 825 1386 vix
858 1345 1099 1400 conspicue
1123 1345 1318 1390 mutatis,
1344 1358 1535 1399 superne
1560 1358 1664 1385 vero

99 1416 241 1470 magis
291 1417 524 1472 magisque
572 1417 618 1457 in
664 1415 873 1458 articulos
908 1416 1083 1457 filorum
1118 1415 1377 1470 (geminidia
1411 1415 1506 1470 ipsa
1539 1428 1668 1469 gene-

96 1487 308 1542 rantium)
357 1487 729 1529 moniliformium
779 1487 1071 1537 abeuntibus3
1122 1492 1164 1528 et
1212 1487 1271 1541 (in
1320 1486 1415 1541 liis),
1461 1501 1514 1526 ex
1558 1486 1667 1540 ipsis

97 1559 319 1612 supremis
354 1558 551 1600 articulis
583 1558 829 1613 gemmidia
861 1558 1053 1599 obovata
1086 1557 1399 1599 formantibus.
1466 1557 1549 1597 His
1583 1557 1666 1597 for-

97 1642 176 1670 san
225 1629 555 1671 characteribus
603 1644 783 1685 quoque
830 1629 994 1671 addere
1042 1634 1314 1684 opporteret:
1364 1629 1544 1669 cellulas
1578 1627 1664 1682 pla-

97 1707 237 1742 centae
284 1701 463 1742 infimas
509 1703 670 1743 demum
709 1701 801 1742 fieri
836 1701 965 1756 quasi
999 1700 1244 1745 distractas
1281 1705 1321 1741 et
1357 1700 1498 1753 magis
1532 1713 1667 1753 angu—

97 1771 220 1818 latas,
256 1772 615 1814 anastomosibus
649 1787 753 1814 vero
789 1772 981 1814 invicem
1020 1772 1312 1819 cohaerentes;
1363 1770 1481 1825 quod
1518 1777 1666 1811 tamen

97 1842 143 1883 in
178 1844 331 1897 paucis
364 1848 538 1885 tantum
579 1858 646 1885 ine
679 1843 938 1885 observasse
972 1843 1197 1884 confiteor.

241 1914 372 1963 Quod
406 1915 565 1956 attinet
597 1915 943 1969 spliaerosporas,
979 1914 1085 1955 satis
1119 1919 1320 1955 constare
1351 1918 1552 1967 putarem
1578 1926 1663 1952 eas-

98 1984 197 2026 dem
248 2000 364 2040 saepe
413 1987 461 2040 (si
512 1982 602 2027 non
645 1988 835 2041 semper)
882 1985 1116 2040 provenire
1151 1985 1194 2025 in
1231 1983 1426 2029 ramulis,
1463 1997 1574 2037 quos
1609 1984 1668 2022 lu-

99 2056 252 2098 benter
285 2063 489 2111 putarem
527 2057 645 2098 liunc
678 2058 723 2097 in
760 2058 892 2098 finem
928 2062 1119 2098 creatos:
1162 2055 1236 2096 ubi
1269 2055 1480 2107 junior-ss,
1517 2058 1558 2094 et
1592 2052 1666 2093 ubi

97 2127 275 2169 eosdem
312 2128 632 2183 sphaerosporis
667 2128 779 2169 bene
813 2132 1094 2182 praegnantes
1129 2126 1233 2170 vidi,
1260 2125 1435 2166 eosdem
1464 2125 1670 2166 lubenter

98 2205 301 2253 putarem
350 2198 403 2240 ad
448 2199 779 2254 spliaerosporas
822 2198 1036 2240 creandas
1070 2196 1299 2251 speciatim
1336 2200 1590 2250 generatos:
1627 2200 1668 2235 et

98 2270 181 2311 sub
214 2270 297 2311 hoc
331 2270 473 2312 stadio
508 2271 840 2325 spl‘izcrosporas
880 2275 986 2324 puto
1021 2269 1147 2323 quasi
1183 2268 1227 2308 in
1262 2281 1411 2308 sorum
1448 2266 1664 2311 collectas,

97 2354 231 2394 quem
281 2354 460 2395 quoque
507 2355 588 2382 suo
636 2341 780 2381 colore
829 2341 1030 2381 uberiore
1079 2339 1339 2380 distinctum
1389 2352 1504 2392 saepc
1552 2337 1669 2385 vidi:

98 2412 217 2466 ipsas
250 2411 583 2466 sphaerosporas
616 2411 861 2452 admodum
897 2411 1106 2455 minutas,
1142 2409 1370 2451 cruciatini
1407 2408 1572 2449 dixisas
1595 2407 1664 2449 ob-

99 2482 287 2525 servavi.
353 2482 430 2523 Sin
482 2496 596 2529 vero,
648 2487 697 2523 ut
745 2482 867 2529 finxi,
912 2481 1232 2536 spliaerosporis
1270 2479 1434 2534 ejectis,
1471 2479 1667 2520 ramulos

99 2553 202 2595 dein
252 2553 434 2594 ulterius
483 2567 746 2596 excrescere.
798 2557 840 2594 et
888 2553 971 2594 hoc
1022 2551 1153 2593 modo
1199 2551 1362 2592 mirum
1402 2551 1446 2591 in
1484 2549 1666 2591 niodum

98 2625 298 2666 conferre
332 2623 491 2666 debere
525 2623 582 2665 ad
616 2623 950 2665 ramilicationis
985 2636 1187 2663 normam
1216 2620 1493 2667 mutandam.
1520 2621 1563 2662 id
1587 2635 1667 2675 pro

98 2701 216 2737 certo
264 2696 318 2737 de
366 2681 575 2752 omnibus
623 2700 828 2741 statuere,
880 2699 1056 2748 egomet
1105 2692 1235 2735 bodie
1282 2692 1403 2734 haud
1437 2692 1664 2734 auderem.

100 2767 226 2809 Patet
258 2781 364 2810 vero
398 2767 600 2808 habitum
636 2770 679 2807 et
706 2752 988 2807 'characteres
1012 2764 1270 2819 Specierum
1295 2763 1515 2819 ejusmodi
1541 2764 1665 2804 rami-

98 2838 317 2880 ficationis
350 2837 602 2880 evolutione
636 2837 729 2878 fieri
764 2836 924 2878 debere
958 2850 1096 2891 quam
1133 2835 1326 2876 maxime
1361 2834 1669 2880 mutatum„si
