1779 3068
705 64 1030 105 GRAOILAmAE.
1595 61 1652 101 43

229 189 374 226 rantes
407 183 578 226 cellulis
611 181 860 223 minoribus
893 179 1160 230 contextam,
1194 184 1329 234 atque.
1362 179 1466 220 hinc
1499 193 1652 221 nume-

227 255 490 303 rosioribus;
530 253 699 295 cellulis
733 257 879 294 autem
915 250 1207 293 exterioribus
1240 250 1379 305 (strati
1413 249 1558 304 axilis)
1589 250 1651 290 in-

227 327 408 369 teriores
442 324 753 379 magnitudine
786 336 945 378 parum
975 321 1312 377 superantibus:
1348 320 1475 362 orbes
1499 321 1649 376 itaque

226 398 465 440 exteriores
499 395 759 437 cellularum
794 394 853 448 (in
879 397 1014 435 strato
1037 392 1246 434 interiore
1270 391 1455 445 frondis)
1483 391 1650 432 diceres

227 469 392 511 sensim
427 467 685 521 sensimque
718 465 763 506 in
797 464 1028 506 interiores
1062 463 1189 518 quasi
1223 467 1518 504 transeuntes.

227 575 415 624 Qualem
451 579 719 615 structuram
756 572 800 612 in
841 570 1190 625 Microcystideis
1227 584 1296 611 me
1330 569 1492 611 vidisse
1526 575 1647 624 puto,

80 648 217 690 talem
251 651 328 687 aut
360 644 562 700 proxime
595 647 916 697 congruentem
942 641 1056 683 banc
1079 640 1270 682 dicerem
1296 655 1399 681 cum
1423 654 1486 686 ea,
1511 654 1648 695 quam

82 719 127 760 in
162 719 279 759 Fuco
315 715 558 768 Scorpioide
590 714 685 765 (Fa,
721 713 861 767 Dan.)
896 726 965 753 ine
999 712 1256 753 observasse
1291 717 1417 766 puto;
1460 710 1649 752 eandem

85 803 188 831 vero
235 788 283 829 in
331 787 414 828 hac
461 790 638 827 tantum
688 784 840 825 sistere
884 783 1150 824 evolutionis
1188 782 1381 823 stadium
1418 781 1647 836 proprium

81 886 141 891 —
173 859 351 914 qualem
385 856 533 898 adhuc
565 855 789 910 juniorem
828 853 1065 895 observare
1101 853 1247 894 liceret
1279 853 1324 893 in
1359 851 1526 893 cellulis
1560 866 1649 892 om-

83 932 211 973 nium
249 930 395 971 forsan
429 926 746 969 inchoantibus
780 924 1328 979 subgloboso-angulatum
1356 938 1428 971 —;
1459 924 1646 964 formam

82 1007 233 1044 autem
268 999 542 1044 cellularum,
569 1011 703 1052 quam
737 994 1087 1050 Microcy‘stidcis
1110 994 1512 1035 characteristicam
1537 992 1647 1046 judi—

79 1073 194 1121 cavi,
231 1071 538 1133 persistentem
586 1067 811 1114 obvenire,
847 1071 889 1108 et
921 1066 1029 1121 quin
1065 1066 1203 1105 immo
1238 1078 1354 1119 saepe
1388 1064 1529 1118 magis
1564 1078 1649 1104 ma-

82 1145 240 1199 gisque
288 1142 343 1183 ab
391 1140 489 1182 aliis
537 1140 676 1195 Typis
719 1139 942 1180 diversam
990 1137 1224 1191 provenire
1259 1136 1376 1176 baud
1413 1148 1528 1189 aegre
1561 1149 1651 1175 sus-

83 1215 267 1271 picarer.

80 1340 165 1381 3:o.

78 2743 167 2782 4:o.

225 1338 642 1380 PLATYCYSTIDEAS
693 1335 974 1390 potissimum
1021 1332 1233 1374 obvenire
1276 1331 1434 1372 debere
1470 1330 1512 1371 in
1549 1330 1647 1384 Spe-

226 1409 377 1451 ciebus
410 1407 570 1450 fronde
603 1408 736 1462 plana
771 1406 1015 1454 distinctas,
1051 1404 1201 1445 forsan
1238 1418 1264 1444 a
1296 1402 1441 1458 priore
1469 1414 1649 1456 quoque

224 1479 554 1535 conjiciendum
593 1478 828 1520 videretur.
893 1475 1041 1531 Ipsam
1081 1474 1283 1516 frondem
1320 1473 1648 1528 complanatam

223 1552 323 1593 oriri
375 1550 544 1608 (gellulis
592 1549 783 1604 propriae
832 1549 1001 1596 formae,
1037 1560 1148 1601 quas
1195 1545 1421 1591 nimirum,
1458 1544 1650 1585 sectione

223 1623 341 1664 facta
391 1620 677 1663 transversali
728 1619 911 1666 frondis,
957 1618 1198 1659 directione
1239 1615 1461 1670 margines
1498 1628 1650 1655 versus

224 1693 395 1735 frondis
428 1693 547 1748 ipsas
581 1692 809 1746 elongatas
843 1716 899 1720 -—
933 1697 1008 1731 aut
1042 1688 1257 1740 oblongas
1297 1692 1371 1728 aut
1410 1686 1548 1740 magis
1581 1700 1649 1739 cy—

227 1765 472 1806 lindraceas
508 1789 559 1793 ——
595 1763 831 1804 observare
870 1762 1007 1803 liceat.
1059 1761 1283 1814 (Attamen
1322 1759 1400 1799 boc
1436 1757 1528 1798 loco
1563 1756 1649 1810 pla-

223 1841 292 1878 cet
336 1836 562 1877 monuisse
605 1835 799 1876 formam
840 1832 1014 1874 frondis
1048 1832 1276 1886 planatam
1310 1842 1490 1883 quoque
1523 1841 1650 1879 gene-

223 1908 310 1949 rari
345 1921 473 1961 posse
507 1906 675 1948 cellulis
709 1906 818 1960 quin
855 1906 992 1945 immo
1029 1902 1277 1944 rotundatis
1311 1901 1343 1941 si
1381 1899 1562 1954 quidem
1594 1897 1649 1938 ad

225 1978 447 2034 ejusmodi
499 1978 706 2019 formam*
747 1976 916 2018 frondis
970 1973 1272 2029 generandam
1324 1969 1649 2012 numerosiores

224 2049 580 2104 disponerentur.
633 2049 677 2090 Si
712 2049 895 2102 insuper
921 2047 1020 2101 jure
1045 2044 1240 2100 quodam
1265 2056 1491 2084 assumere
1514 2052 1649 2081 ausus

225 2135 337 2168 sum,
363 2120 579 2162 suadente
609 2119 900 2174 dispositione
930 2115 1321 2172 cystocarpiorum,
1348 2127 1437 2167 qua
1460 2111 1649 2152 <lucente

226 2199 319 2233 tum
369 2191 547 2246 Species
595 2189 756 2231 fronde
798 2189 1082 2244 complanata
1125 2187 1376 2228 instructas,
1411 2188 1506 2224 tum
1541 2181 1649 2222 alias

225 2277 337 2318 quas
370 2261 530 2303 fronde
564 2262 673 2316 quin
708 2261 846 2302 immo
879 2260 960 2301 rite
993 2257 1273 2313 cylindracea
1308 2254 1551 2301 distinctas,
1592 2251 1648 2293 ad

227 2333 491 2374 Sub-Genus
524 2332 660 2376 Podei
694 2330 952 2373 referendas
988 2329 1139 2383 putavi
1166 2353 1220 2356 —
1248 2327 1316 2367 his
1350 2329 1392 2366 et
1424 2323 1648 2379 ejusmodi

226 2417 406 2458 quoque
454 2403 767 2444 deducendum
819 2408 1034 2456 putarem,
1086 2397 1346 2440 cellularum
1393 2396 1555 2436 formas
1590 2393 1650 2435 di-

225 2488 376 2516 versas
425 2474 533 2515 alias
581 2473 793 2515 obvenire
843 2486 971 2526 posse
1021 2471 1065 2511 in
1106 2468 1360 2524 Speciebus,
1397 2480 1496 2521 quae
1532 2465 1649 2506 babi-

228 2544 422 2586 tualibus
456 2545 572 2586 notis
605 2558 785 2599 quoque
818 2557 953 2597 quam
993 2541 1184 2582 maxime
1218 2544 1514 2593 congruentes
1546 2536 1649 2578 faci-

229 2616 312 2657 lins
346 2615 711 2670 susl‘ticarentur.)

227 2740 666 2781 PLECTOCYSTIDEAS
717 2738 896 2779 demum
948 2737 1038 2778 ‹lixi
1090 2735 1267 2791 Species
1311 2733 1430 2775 haud
1473 2745 1648 2788 paucas.

227 2824 417 2865 quarum
469 2810 648 2852 cellulas
699 2823 786 2850 non
831 2813 1006 2850 tantum
1046 2821 1126 2848 sua
1161 2806 1306 2847 forma
1339 2804 1421 2846 sibi
1457 2802 1648 2859 propria,
