1779 3068
717 79 1042 121 GRACILARIAE.
1612 82 1663 122 77

526 196 803 255 exsiccatione
835 211 993 250 quoque
1033 197 1310 245 collabentem,
1345 197 1666 251 plavzz'usculam

525 267 801 309 servantibus.

618 363 645 414 †
679 362 845 414 Species
895 363 1034 415 mayz's
1082 363 1324 416 yelatz'nosce
1370 363 1667 416 (exsiccatione

678 433 835 474 chartae
876 434 1038 475 arctius
1079 434 1368 486 adlicer-entes),
1409 438 1501 476 totce
1531 434 1666 476 ramis

669 502 862 557 furcatis
894 504 1189 557 decompositcc.

100 600 167 642 34.
239 598 323 640 Ga.
359 611 529 639 CRASSA
577 597 734 650 Ham„-
780 597 823 639 J.
861 598 942 651 Ay.
977 598 1122 651 Epicr.
1154 614 1198 652 p.
1235 602 1322 641 417
1369 599 1562 654 (Species
1610 613 1665 641 ex

242 668 452 725 Ceylona)
476 666 528 722 >i³).

587 798 645 852 ††
679 797 846 850 Species
897 798 1035 851 mayz's
1079 799 1323 851 yelatinosce
1369 800 1666 851 (exsiccatione

676 869 833 910 chartce
880 869 1041 910 arctius
1087 869 1361 922 adlacerentes)
1399 884 1538 911 ramos
1574 871 1664 912 sub-

675 939 936 981 secundatz'm
982 943 1186 989 ememtes,
1222 939 1384 981 demum
1425 940 1665 995 semfflabeI-

674 1011 796 1052 latim
828 1010 1050 1063 dispositos
1079 1013 1340 1063 yenerantes.

98 1108 166 1150 35.
239 1106 322 1150 GR.
357 1120 542 1147 DUMOSA
595 1106 732 1147 Harv.
777 1105 973 1147 Friendl.
1018 1105 1092 1146 Isl.
1137 1104 1234 1157 Azy.
1273 1118 1342 1145 mo
1373 1108 1456 1156 37,
1502 1105 1546 1147 J.
1582 1105 1663 1157 Ay.

238 1177 387 1230 Epicr.
415 1192 461 1231 p.
496 1180 583 1218 416
616 1176 705 1231 (Sp.
740 1190 795 1218 ex
828 1175 1022 1217 Friendl.
1058 1175 1146 1230 Isl.)
1167 1173 1247 1229 W).

240 1331 274 1373 ⁹⁸)
298 1333 354 1365 De
386 1332 457 1365 hac
493 1331 625 1374 Specie
651 1330 880 1374 Oeylonensi
907 1330 1209 1364 animadvertere
1236 1329 1360 1372 placet
1385 1329 1545 1362 eandem
1572 1329 1666 1362 mihi

96 1392 298 1426 obvenisse
336 1401 502 1424 crassam
541 1393 579 1423 at
617 1390 812 1424 evidenter
847 1389 1138 1432 complanatam,
1177 1389 1256 1422 suis
1283 1389 1397 1421 ramis
1425 1388 1620 1422 evidenter
1645 1398 1667 1421 a

96 1450 341 1493 submargine
379 1449 619 1490 exeuntibus,
650 1449 735 1492 ipsa
760 1449 913 1482 rachide
940 1448 1282 1482 curvato-flexuosa
1307 1448 1407 1481 inter
1433 1457 1557 1480 ramos
1585 1457 1667 1480 con-

95 1510 226 1553 spicue
268 1509 674 1551 divaricato—patentes.
735 1508 806 1541 His
849 1508 950 1541 notis
994 1507 1343 1549 recognoscendum
1385 1516 1535 1548 quoque
1573 1506 1666 1548 frag-

95 1571 267 1602 mentum
294 1568 411 1601 habui
438 1568 536 1601 inter
561 1567 772 1610 specimina
799 1566 1050 1610 Ceylonensia
1069 1577 1091 1599 a
1109 1567 1305 1609 Ferguson
1330 1565 1548 1604 distributa;
1575 1565 1666 1599 dum

96 1627 159 1661 Gr.
186 1627 380 1669 fastigiata
405 1627 718 1660 ramificationem
747 1626 951 1660 admodum
974 1626 1164 1660 diversam
1183 1625 1319 1668 prodit.
1362 1625 1536 1658 Plantam
1556 1624 1666 1658 emol-

95 1687 203 1720 litam
240 1686 447 1720 admodum
484 1686 803 1719 intumescentem
841 1685 918 1719 vidi
949 1688 986 1718 et
1013 1685 1282 1727 gelatinosan];
1311 1684 1400 1718 hinc
1427 1684 1566 1718 chartae
1593 1694 1665 1717 arc-

94 1746 171 1780 tius
203 1746 471 1780 adhaerentem.
523 1745 697 1779 Sectione
730 1744 975 1779 transversali
1009 1746 1239 1777 structuram
1267 1743 1406 1777 eximie
1432 1742 1666 1786 plectocysti-

95 1805 205 1839 deam
232 1805 321 1839 vidi.

239 1863 297 1906 Η)
323 1863 482 1904 Qualem
502 1864 611 1904 hanc,
634 1874 654 1897 a
677 1864 832 1906 Harvey
858 1863 1100 1897 distributam
1128 1874 1175 1896 ex
1202 1862 1379 1905 Friendly
1405 1861 1564 1902 IslandS,
1592 1861 1665 1893 exi-

95 1923 170 1957 mie
196 1923 444 1966 gelatinosam
472 1925 509 1956 et
534 1923 673 1957 chartae
699 1925 801 1956 arcte
827 1923 1096 1964 adhaerentem,
1124 1922 1239 1955 talem
1267 1932 1327 1954 me
1354 1931 1400 1954 ex
1428 1922 1541 1954 Santa
1569 1919 1663 1953 Cruz

93 1981 363 2025 (Californiae‘?)
400 1982 554 2016 missam
595 1992 745 2025 quoque
784 1982 910 2015 habui.
962 1982 1020 2015 Ex
1059 1981 1192 2015 eodem
1226 1991 1314 2015 vero
1341 1980 1422 2013 loco
1450 1979 1521 2012 alia
1547 1978 1663 2012 habui

93 2041 366 2075 ramificatione
404 2041 524 2083 magis
563 2041 823 2084 decomposita
861 2041 1057 2082 instructa,
1098 2041 1205 2082 quasi
1247 2050 1409 2082 superne
1445 2039 1483 2071 in
1515 2037 1664 2071 flabella

95 2101 320 2141 terminalia,
356 2101 476 2143 magis
508 2101 730 2144 corymbose
757 2111 942 2143 expansa;
983 2100 1147 2142 denique
1175 2109 1323 2141 quoque
1349 2108 1395 2131 ex
1423 2097 1554 2130 eodem
1582 2097 1662 2129 loco

93 2160 211 2194 natali
238 2160 332 2193 mihi
359 2170 381 2193 a
406 2160 551 2209 Farlow
591 2160 706 2193 missa
743 2159 859 2203 habui
890 2159 1110 2202 specimina,
1140 2158 1259 2191 multo
1285 2157 1521 2191 tenuioribus
1548 2156 1663 2189 ramis

93 2219 325 2261 ramulisque
363 2219 558 2260 instructa,
598 2219 734 2261 hisque
772 2219 893 2252 multo
921 2219 1040 2260 magis
1069 2216 1338 2260 decompositis
1365 2215 1520 2249 omnino
1546 2215 1664 2248 diver-

92 2288 175 2311 sam
202 2278 372 2321 Speciem
401 2281 443 2312 ut
468 2281 640 2321 putarem
668 2278 953 2312 mentientibus.
1005 2278 1049 2310 In
1084 2277 1142 2310 his
1175 2276 1294 2309 multo
1322 2274 1440 2315 magis
1467 2274 1662 2316 decompo-

93 2337 341 2370 sito-ramosis
379 2337 652 2380 speciminibus
691 2348 752 2371 me
788 2337 930 2371 vidisse
968 2335 1204 2379 cystocarpia
1242 2333 1462 2375 marginalia
1500 2333 1661 2375 sparsim

95 2396 142 2430 ad
180 2396 346 2430 ramulos
383 2396 629 2430 intermedios
668 2396 923 2439 obvenientia,
959 2396 999 2429 in
1026 2395 1164 2437 quibus
1191 2396 1417 2426 structuram
1447 2391 1662 2425 Gracilariae

94 2466 155 2489 me
181 2466 331 2498 quoque
359 2466 627 2498 recognoscere
654 2455 796 2499 putavi.

240 2515 473 2549 Structuram
510 2515 670 2549 eandem
696 2514 1031 2558 plectocystideam
1059 2523 1119 2546 me
1147 2512 1369 2545 observasse
1396 2510 1434 2542 iu
1462 2509 1519 2542 his
1546 2510 1662 2552 speci-

93 2572 261 2608 minibus
300 2574 463 2617 deniqne
501 2574 639 2608 addere
678 2575 830 2618 placuit,
867 2584 941 2616 qua
967 2573 1129 2606 ducente
1156 2573 1344 2604 structura
1374 2569 1543 2612 Speciem
1572 2569 1661 2601 Har-

93 2643 280 2676 veyanam
319 2634 391 2667 hoc
429 2634 510 2667 loco
549 2633 790 2667 inserendam
828 2632 1006 2676 judicavi,
1049 2640 1279 2673 quamquam
1318 2631 1398 2662 tuin
1438 2639 1506 2661 suo
1538 2627 1661 2662 colore

93 2691 217 2726 laetius
244 2703 443 2736 purpureo,
471 2696 552 2727 tum
571 2704 641 2727 sua
658 2693 874 2727 substantia
892 2690 1101 2733 gelatinosa
1119 2689 1202 2722 aliis
1223 2687 1426 2730 Speciebus
1446 2686 1661 2721 Gracilariae

94 2750 253 2785 Generis
280 2762 363 2785 eam
390 2752 729 2795 adproximandam
757 2751 840 2794 quis
868 2749 1067 2793 putaverit.
