1779 3068
725 95 1043 138 GRAOILARIAE.
1612 100 1668 140 73

101 211 170 253 26.
241 211 324 253 GR.
362 226 638 254 OORYMBOSA
673 213 718 256 J.
743 214 824 267 Ay.
850 214 997 267 Epicr.
1017 230 1061 267 p.
1087 217 1175 257 421
1205 215 1306 268 (Gr.
1332 220 1504 259 armata
1528 217 1664 259 Harv.

242 282 289 324 in
310 282 502 324 Friendl.
528 283 602 325 Isz.
627 284 725 338 Azy.
749 298 816 326 mo
839 286 920 332 38)
953 284 1093 340 (Spec.
1129 299 1183 327 ex
1217 285 1379 328 Ocean.
1408 287 1592 342 pacific.)
1613 286 1664 343 ²⁴⁶).

101 376 169 418 27.
240 376 323 417 GR.
361 390 579 418 OAUDATA
630 378 674 420 J.
710 378 790 431 Ay.
838 379 984 432 Epicr.
1018 396 1062 434 1).
1098 383 1189 423 4:20
1237 381 1325 436 (Sp.
1370 381 1510 424 Indiae
1558 383 1668 424 occi-

243 445 448 502 dentalis)
468 446 548 503 **).

99 589 296 632 pollicares
323 590 412 623 dein
437 590 549 632 longa
575 590 672 624 serie
698 591 928 625 ramulorum
956 593 1247 627 secundatorum
1276 594 1492 633 instructos,
1515 595 1666 629 intimos

98 649 235 682 horum
262 648 592 692 simpliciusculos‚
629 650 718 683 dein
744 650 855 693 longa
881 652 978 684 serie
1004 652 1136 685 eodem
1164 653 1275 685 modo
1303 654 1524 695 ramulosos,
1553 657 1667 696 atque

98 707 139 741 in
176 707 342 741 ramellis
377 708 514 741 horum
546 709 876 752 cystocarpiiferis,
904 721 1004 753 szepe
1030 711 1192 744 arcuatis
1219 712 1453 755 cystocarpia
1481 713 1668 747 exteriore

97 766 214 800 latere
240 770 450 801 curvaturae
475 768 590 809 (nunc
617 770 777 810 utroque
803 768 932 811 latere)
956 769 1094 803 seriata
1120 771 1349 812 gerentibus.

242 825 391 859 Addere
429 826 593 869 denique
628 827 734 860 lubet
768 827 828 860 his
855 827 893 861 in
920 830 1078 871 utraque
1105 829 1236 872 Specie
1262 830 1554 864 obvenientibus
1584 842 1667 864 con-

97 884 292 927 gruentiis,
332 895 414 918 eam
453 896 602 928 quoque
640 886 821 921 obvenire
860 889 901 920 ut
936 888 1124 920 consimili
1161 888 1272 922 modo
1300 900 1417 923 novas
1445 890 1599 923 cellulas
1626 891 1666 923 in

97 943 181 986 ipsa
218 947 324 987 parte
362 948 596 987 perennante
634 945 815 988 generari,
853 956 913 979 me
939 946 1161 980 observasse
1188 950 1296 989 puto;
1326 958 1462 991 nempe
1491 949 1666 982 cellulam

98 1002 237 1036 axilem
273 1003 463 1046 propriam
490 1003 614 1047 ipsam
641 1004 866 1038 dissolutam
892 996 984 1045 fieri,
1011 1005 1078 1038 sed
1104 1016 1241 1039 novam
1269 1006 1439 1040 inchoari
1467 1010 1573 1040 extra
1600 1008 1667 1041 cel—

97 1061 194 1095 lulas
232 1062 351 1095 axiles
389 1062 496 1105 (quos
535 1065 696 1097 stratum
736 1063 834 1097 axile
872 1064 1067 1107 proprium
1101 1064 1199 1098 circa
1225 1065 1429 1098 centralem
1458 1066 1667 1100 formantes

98 1120 217 1164 puto);
258 1131 305 1154 ex
344 1132 419 1163 qua
457 1122 593 1156 cellula
631 1133 753 1157 novus
792 1123 961 1157 nascitur
998 1126 1063 1156 aut
1089 1124 1257 1157 ramulus
1284 1127 1350 1157 aut
1375 1125 1654 1168 cystocarpium

98 1179 244 1220 Quibus
287 1180 464 1214 omnibus
503 1191 551 1215 ne
590 1182 873 1216 confundantur
911 1183 1146 1216 characteres
1189 1182 1417 1226 Specierum,
1461 1188 1570 1217 caute
1612 1195 1656 1217 ca

97 1240 276 1273 vendum.
684 1230 693 1239 ⁹

240 1299 292 1333 Ut
330 1309 419 1333 vero
457 1310 572 1343 supra
609 1300 687 1343 jam
727 1301 857 1334 monui
896 1304 1124 1335 structuram
1163 1301 1233 1335 rite
1269 1302 1506 1336 observatam
1535 1302 1574 1335 in
1602 1302 1665 1336 Gr.

96 1358 326 1401 Harveyana
364 1358 435 1392 rite
472 1358 782 1403 microcystz'deam
820 1370 880 1393 me
919 1360 1141 1394 observasse
1179 1361 1327 1403 putavi;
1368 1364 1405 1394 et
1443 1361 1532 1395 hinc
1568 1362 1667 1395 hanc

98 1416 270 1460 Speciem
308 1417 355 1450 ad
394 1418 607 1451 Sectionem
646 1417 709 1452 Gr.
746 1419 860 1461 durae‚
900 1429 983 1453 esse
1021 1419 1360 1459 adnumerandam;
1402 1420 1508 1453 Grac.
1537 1430 1666 1454 secun-

59 1500 62 1503 *
96 1475 225 1510 datam
252 1478 378 1510 autem
405 1477 451 1510 ad
478 1480 613 1520 typum
640 1477 1020 1521 plectocystidearum
1048 1479 1247 1521 pertinere,
1274 1489 1503 1521 quamquam
1530 1482 1664 1522 typum

95 1537 305 1576 structurae,
332 1535 393 1569 his
425 1536 629 1579 Speciebus
656 1537 1003 1571 characteristicum
1029 1538 1158 1571 forsan
1184 1537 1311 1571 minus
1339 1538 1553 1572 evidentem
1582 1549 1666 1572 con-

53 1582 57 1587 ⁵
97 1594 229 1628 cedere
255 1597 483 1638 opporteret.

241 1652 274 1696 *)
299 1654 409 1694 Quod
434 1654 481 1688 de
508 1654 572 1688 Gr.
598 1655 806 1689 secundata
832 1656 973 1698 monui,
1001 1656 1113 1689 aliam
1141 1656 1180 1689 in
1207 1656 1360 1699 caespite
1387 1656 1567 1690 obvenire
1588 1666 1666 1699 par-

95 1715 173 1746 tem
209 1713 377 1747 sterilem
411 1714 685 1757 corymbosam‚
713 1714 826 1748 aliam
853 1725 1070 1748 excrescere
1096 1717 1241 1757 partem
1268 1725 1381 1757 quam
1408 1715 1571 1757 denique
1598 1716 1666 1748 fer-

95 1771 202 1805 tilem
234 1772 315 1805 fieri
347 1772 529 1815 suspicor,
566 1773 612 1806 de
638 1773 709 1807 hac
735 1784 884 1816 quoque
911 1774 1042 1816 Specie
1068 1773 1242 1807 lubenter
1268 1784 1512 1814 assumerem,
1540 1785 1666 1816 quam-

96 1841 209 1873 quam
236 1831 396 1865 eandem
422 1834 571 1865 tantum
598 1832 766 1866 sterilem
794 1843 853 1865 me
879 1833 1021 1867 vidisse
1052 1834 1243 1867 confiteor.
1296 1834 1445 1866 Partem
1473 1833 1571 1866 hanc
1598 1834 1665 1866 fer-

95 1890 201 1924 tilem
241 1890 491 1934 compositam
530 1891 650 1933 magis
689 1892 919 1935 corymbulis
959 1892 1180 1933 minoribus,
1208 1902 1368 1934 quorum
1402 1892 1537 1925 ramuli
1565 1903 1666 1926 nunc

96 1949 216 1992 magis
252 1950 461 1991 secundati,
497 1961 599 1984 nunc
624 1950 831 1985 dichotomi
860 1951 1127 1997 autsbifariam
1154 1954 1337 1985 exeuntes
1364 1951 1459 1984 mihi
1486 1951 1664 1993 adparue-

95 2011 194 2042 runt.
244 2009 290 2042 In
326 2009 397 2043 hac
423 2009 555 2053 Specie
581 2020 642 2044 me
667 2013 895 2044 structuram
923 2011 1065 2044 vidisse
1091 2010 1439 2054 plectocystideam,
1468 2010 1580 2043 hodic
1606 2011 1666 2044 ad<

96 2068 185 2102 dere
211 2068 364 2111 placuit.

240 2126 297 2169 Η)
323 2128 493 2171 Speciem
532 2128 631 2163 inter
669 2129 805 2162 affines
844 2140 956 2173 quam
988 2129 1154 2162 maxime
1180 2128 1369 2171 insignem
1396 2138 1665 2170 recognoscere

96 2186 227 2229 putavi
265 2186 305 2220 in
344 2186 475 2230 Specie
512 2187 632 2221 Indiae
671 2188 927 2230 occidentalis,
967 2199 1079 2231 quam
1118 2189 1190 2221 sub
1225 2187 1379 2221 nomine
1406 2187 1469 2221 Gr.
1497 2187 1666 2220 caudatae

97 2243 244 2289 (Epicr.
265 2256 305 2289 p.
333 2246 427 2289 420)
467 2246 546 2289 jam
581 2246 621 2279 in
654 2246 716 2290 Sp.
744 2246 870 2291 Alyar.
897 2247 1127 2290 descriptam
1155 2247 1294 2280 videas.
1345 2246 1455 2279 Hanc
1482 2246 1665 2279 ramifica—

95 2304 211 2338 tionis
249 2315 383 2338 norma
421 2308 458 2339 et
495 2306 730 2348 perennandi
769 2306 882 2340 modo
921 2317 1006 2340 cum
1043 2305 1353 2339 antecedentibus
1381 2307 1663 2345 congruentem,

95 2363 242 2397 frondis
279 2363 441 2407 junioris
478 2365 695 2399 substantia
726 2365 846 2408 magis
884 2376 1041 2399 carnosa
1076 2376 1160 2398 cum
1189 2364 1247 2397 his
1275 2363 1577 2405 convenientem,
1605 2364 1663 2397 (le-

97 2433 202 2456 mum
241 2433 329 2457 vero
366 2424 512 2466 (utpote
550 2434 680 2458 revera
718 2425 838 2467 magis
877 2423 1099 2467 gelatinosa)
1142 2422 1427 2457 consistentiam
1471 2432 1664 2456 assumere

97 2482 216 2524 magis
243 2482 524 2525 cartilagineam
551 2486 589 2518 et
615 2483 661 2517 ad
687 2494 863 2517 corneam
889 2484 1110 2517 tendentem
1139 2492 1197 2515 me
1223 2482 1445 2515 observasse.
1471 2481 1599 2523 (quare
1624 2482 1663 2515 in

96 2539 223 2584 Epicr.
260 2541 419 2575 eandem
457 2542 505 2576 ad
537 2543 808 2586 Pachycladias
845 2543 1001 2577 relatam
1033 2541 1176 2583 videas)
1202 2540 1314 2574 hodie
1340 2539 1483 2573 dixisse
1511 2540 1662 2582 placuit.

97 2600 135 2633 Si
161 2600 207 2634 de
233 2603 422 2634 structura
446 2601 625 2636 interiore
651 2602 797 2636 frondis
825 2605 862 2636 et
887 2602 934 2635 de
960 2601 1131 2645 ejusdem
1160 2603 1349 2633 structura
1368 2599 1663 2641 plectocystidea

95 2659 136 2692 in
178 2660 491 2694 antecedentibus
535 2661 740 2704 Speciebus
779 2661 968 2704 quispiam
1007 2660 1207 2700 dubitaret,
1248 2658 1351 2692 nulla
1389 2658 1482 2690 mihi
1522 2661 1664 2692 restare

96 2718 213 2752 dubia
237 2718 402 2753 dicerem
427 2719 474 2753 de
499 2722 690 2754 structura
716 2720 855 2754 eximie
881 2718 1176 2763 plectocystidea
1202 2717 1316 2760 hujus
1344 2717 1500 2760 Speciei.
1552 2717 1580 2750 F
1583 2727 1663 2751 ron-

96 2777 184 2811 dem
220 2788 352 2812 revera
389 2788 646 2822 compressam
683 2782 867 2822 putarem,
896 2782 933 2812 et
960 2777 1170 2811 Sectionem
1199 2776 1490 2810 transversalem
1517 2777 1663 2811 frondis

97 2836 217 2879 magis
255 2837 416 2871 evolutae
454 2838 658 2881 oblongam
697 2838 860 2872 dicerem
895 2840 1006 2879 atque
1033 2835 1186 2869 cellulas
1214 2835 1366 2868 intimas
1394 2835 1513 2877 magis
1541 2839 1664 2871 rotun.
