1779 3068
734 77 1057 117 GRACILARIAE.
1624 77 1685 117 79·

691 194 827 247 mayis
868 194 1139 236 teretiuseulce
1180 198 1255 236 aut
1299 194 1345 235 e'n
1369 194 1512 247 plicas
1543 194 1679 248 magis

692 264 979 306 teretiusc‘ulas
1026 279 1141 306 secus
1187 265 1489 318 loizye'tzaccinm
1537 279 1677 307 ercur-

690 339 836 376 rentes.

114 418 182 460 38.
254 417 337 458 GR.
373 430 595 458 DISTICHA
630 417 674 459 J.
709 417 790 470 Ay.
826 417 971 470 Epz'cr.
1000 432 1043 470 p.
1079 416 1233 471 411)“““)

112 513 181 554 39.
253 511 336 553 GR.
374 511 641 553 USNEOIDES
677 511 822 562 Mert.,·
855 511 898 553 J.
934 510 1014 564 Ay.
1051 512 1194 564 Epicr.
1226 527 1268 565 p.
1303 515 1387 553 415
1407 511 1488 565 Μ).

255 630 289 672 *)
313 631 368 664 De
406 630 538 672 Specie
573 639 593 662 a
625 638 685 662 me
720 632 808 661 ante
840 639 959 663 annos
992 629 1190 672 descripta,
1228 633 1263 663 et
1292 630 1547 663 habitualibus
1575 630 1676 662 notis

111 689 361 724 suadentibus
399 689 447 722 ad
485 688 548 722 Gr.
576 685 832 730 compressam
872 691 907 721 et
947 688 1088 721 formas
1127 688 1342 721 consimiles
1382 688 1595 731 accedente,
1635 692 1677 721 ut

112 749 243 792 putavi
283 747 593 791 adproximanda,
628 747 741 780 hodie
773 746 885 788 longe
912 747 1024 780 aliam
1051 747 1269 789 opinionem
1297 747 1343 781 de
1370 748 1556 780 affinitate
1583 747 1679 788 ejus-

91 808 198 857 ⁸dem
231 808 360 841 fovere
393 807 568 849 equidem
600 816 721 848 cogor.
774 806 1008 839 Structuram
1035 806 1214 839 nimirum
1242 806 1452 850 accuratius
1480 806 1592 839 hodie
1619 806 1679 839 ob-

111 867 277 900 servanti
317 866 491 909 adparuit
530 865 687 899 eandem
728 864 865 898 offerre
907 868 1135 898 structuram
1174 865 1520 908 plectocystideam,
1560 868 1678 898 strato

111 936 249 969 nempe
287 925 376 959 axili
416 925 611 959 evidenter
648 927 827 958 contexto
870 924 1015 957 cellulis
1061 924 1287 957 densissime
1332 924 1678 966 contorto-plicatis,

111 985 241 1028 quales
268 984 380 1018 hodie
406 985 445 1017 in
472 983 574 1017 haud
601 983 730 1026 paucis
758 983 963 1026 Speciebus
990 983 1265 1024 dignoscendas
1293 983 1436 1026 putavi,
1461 983 1571 1015 certis
1592 982 1679 1015 Gra—

111 1044 248 1079 cilariae
277 1043 480 1086 Speciebus
509 1042 843 1076 characteristicas.
894 1043 939 1075 In
973 1042 1177 1084 Speciebus
1205 1045 1342 1083 autem,
1370 1042 1416 1075 de
1443 1041 1579 1083 quibus
1608 1042 1678 1074 hoc

110 1104 192 1138 loco
219 1103 351 1146 agitur,
379 1105 540 1136 stratum
568 1101 667 1135 axile
693 1102 866 1145 proxime
893 1102 1058 1135 cinctum
1085 1101 1162 1134 vidi
1188 1100 1333 1134 cellulis
1354 1100 1473 1142 magis
1492 1100 1678 1142 oblongis,

110 1164 266 1206 suisque
298 1162 507 1205 parietibus
541 1161 722 1195 flexuosis
748 1161 878 1194 lumen
907 1160 1127 1194 cellularum
1154 1160 1317 1203 amplius
1345 1159 1679 1201 circumdantibus,

111 1225 149 1256 et
180 1223 252 1256 hoc
284 1222 397 1255 modo
434 1222 554 1264 magis
581 1221 807 1264 conspicuis,
837 1230 910 1262 qua
936 1220 1098 1253 ducente
1124 1222 1312 1252 structura
1338 1222 1376 1252 et
1401 1219 1591 1252 adnuente
1619 1218 1678 1250 113-

110 1282 193 1315 bitu
219 1282 361 1315 formas
388 1281 459 1314 hac
485 1283 675 1314 structura
700 1280 905 1312 instructas
925 1290 1009 1312 cum
1030 1278 1138 1312 Grac.
1159 1289 1376 1321 compressa
1394 1278 1446 1311 ita
1464 1277 1679 1311 evidentem

111 1340 247 1374 offerre
273 1339 576 1381 similitudinem,
596 1342 637 1372 ut
663 1338 814 1381 Species
833 1338 953 1371 dictas
972 1348 1057 1371 cum
1078 1337 1418 1371 Ceramianthemis
1438 1336 1679 1379 potissimum

111 1402 362 1442 congruentes
389 1399 538 1432 facilius
564 1397 764 1441 judicares
805 1397 928 1429 Hodie
957 1399 1144 1430 structura
1167 1396 1405 1429 considerata
1422 1394 1568 1428 frondis
1587 1394 1680 1427 alias

111 1459 267 1493 omnino
293 1458 500 1491 affinitates
527 1456 749 1499 quaerendas
768 1456 869 1489 haud
888 1455 1141 1489 dubitandum
1159 1455 1335 1488 dicerem.
1376 1454 1533 1494 Qualem
1553 1457 1679 1486 autem

112 1518 175 1552 Gr.
202 1517 405 1551 disticham
433 1527 503 1550 sua
528 1518 717 1549 structura
744 1515 1041 1557 dignoscendam
1068 1514 1161 1547 mihi
1189 1514 1376 1556 cognitam
1397 1516 1499 1556 puto,
1519 1512 1677 1545 eandem

110 1577 291 1611 obvenire
317 1576 479 1610 dicerem
507 1575 587 1608 suis
615 1574 865 1608 exterioribus
903 1573 1182 1607 characteribus
1209 1583 1286 1606 non
1313 1583 1445 1615 parum
1472 1571 1680 1605 diversam:

253 1636 287 1676 a)
312 1645 569 1678 compressam
608 1636 646 1667 et
683 1633 763 1666 suis
802 1633 916 1666 ramis
955 1633 1083 1665 densis
1119 1635 1178 1665 sat
1204 1631 1398 1665 evidenter
1424 1630 1586 1671 disticlie
1613 1632 1678 1662 aut

110 1694 420 1729 subsecundatim
460 1693 656 1736 dispositis
694 1692 1002 1734 dignoscendam,
1038 1691 1188 1733 qualem
1225 1691 1322 1723 hanc
1349 1700 1369 1723 e
1395 1690 1489 1722 mari
1517 1689 1629 1722 rubro
1656 1698 1678 1721 a

56 1775 60 1777 <
110 1754 260 1798 Riippel
286 1754 421 1787 lectam
449 1752 581 1791 habui;
610 1762 711 1785 nunc
738 1761 827 1785 vero
853 1750 1111 1794 angustiorem
1137 1753 1175 1783 et
1200 1750 1279 1783 suis
1306 1749 1421 1782 ramis
1447 1747 1679 1781 distantibus

111 1814 227 1847 alium
254 1813 428 1846 habitum
454 1812 688 1849 induentem,
716 1811 866 1853 qualem
895 1820 941 1843 ex
968 1809 1078 1843 India
1105 1808 1277 1842 orientali
1305 1819 1327 1841 a
1346 1808 1497 1849 Wright
1521 1806 1593 1840 sub
1620 1816 1681 1839 nzo

114 1871 180 1906 185
205 1873 245 1906 in
272 1872 346 1906 Hb.
373 1871 541 1905 Hookeri
568 1870 736 1909 obviam;
765 1870 929 1911 denique
955 1879 1043 1903 vero
1070 1878 1219 1911 quoque
1245 1878 1306 1900 me
1333 1867 1524 1900 habuisse.

253 1931 291 1972 b)
315 1934 395 1965 tum
435 1930 507 1964 sub
545 1940 606 1963 nto
645 1928 690 1963 25
729 1929 824 1961 mihi
863 1938 909 1961 ex
950 1927 1128 1961 Mauritio
1155 1937 1176 1960 a
1202 1926 1346 1960 Farlow
1374 1926 1540 1963 missam,
1568 1934 1682 1967 quam

111 1991 234 2025 forma
259 1994 297 2024 et
321 1990 594 2024 ramificatione
620 1988 767 2022 frondis
795 1987 860 2022 vix
887 1987 1076 2021 diversam
1108 1989 1299 2029 puta1·em;
1340 1984 1527 2027 ejusmodi
1555 1986 1681 2017 autem

111 2050 266 2084 frondes
303 2050 343 2083 in
382 2049 555 2092 caespites
590 2048 818 2082 densissime
845 2047 1084 2089 conjunctas;
1113 2045 1242 2088 quales
1269 2044 1444 2077 lubenter
1470 2043 1683 2086 suspicarer

112 2120 132 2144 a
157 2109 282 2143 radice
308 2110 476 2151 arreptas
503 2110 540 2141 et
566 2107 678 2141 undis
705 2104 1025 2149 circumjactatasss
1053 2105 1093 2138 in
1120 2104 1264 2138 neutris
1287 2114 1375 2137 vero
1394 2101 1681 2145 speciminibus,

111 2180 180 2203 sua
216 2169 340 2202 forma
377 2167 524 2202 frondis
562 2169 600 2200 et
637 2169 836 2200 structurae
868 2164 1164 2207 congruentibus
1191 2162 1427 2206 cystocarpia
1453 2171 1513 2194 me
1540 2160 1681 2194 vidisse

112 2228 307 2266 confite01·;
336 2227 376 2260 in
402 2227 507 2270 Spec.
535 2236 623 2261 vero
651 2225 890 2268 Wrightiano
916 2225 1201 2267 sphaerosporas
1221 2231 1359 2265 paucas
1380 2231 1439 2253 me
1458 2220 1681 2253 observasse

111 2287 287 2321 dicerem.
1260 2273 1265 2278 ’

256 2345 313 2387 Μ’)
337 2346 392 2379 De
418 2345 606 2379 affinitate
634 2344 750 2388 hujus
778 2344 923 2387 Speciei
950 2341 1174 2386 jamdudum
1201 2339 1399 2381 descriptae
1426 2337 1542 2371 dubia
1568 2336 1681 2369 hodie

112 2405 206 2439 mihi
239 2404 413 2447 quaedam
448 2404 653 2437 adfuerunt
681 2403 832 2437 cuinam
858 2401 1017 2435 sectioni
1045 2399 1203 2433 Generis
1230 2399 1328 2431 hanc
1354 2395 1590 2430 referendam
1618 2405 1681 2437 pu-

111 2468 243 2498 tarem.
293 2463 464 2497 Eandem
491 2463 623 2496 habitu
652 2462 837 2496 suadente
863 2472 949 2495 cum
977 2460 1039 2494 Gr.
1066 2459 1225 2492 dumosa
1251 2457 1340 2490 olim
1367 2455 1553 2489 affinitate
1577 2454 1682 2496 junc-

111 2526 191 2558 tam
217 2534 238 2556 a
264 2533 324 2557 me
362 2510 641 2557 consideratam
676 2521 806 2562 fuisse,
833 2531 903 2554 nec
929 2530 951 2553 a
977 2519 1040 2553 Gr.
1067 2526 1282 2560 compressa
1309 2514 1458 2557 longius
1474 2515 1680 2553 remotam,

113 2583 286 2623 memini;
314 2582 500 2616 suadente
525 2591 675 2624 quoque
702 2580 835 2614 habitu
862 2577 1125 2613 Lichenoideo.
1172 2575 1295 2608 Hodie
1320 2577 1446 2607 autem
1466 2574 1683 2614 comparata

113 2642 197 2686 ipsa
230 2645 420 2676 structura
452 2641 598 2675 frondis
631 2640 671 2674 in
698 2650 772 2682 qua
796 2638 1029 2673 tendentiam
1059 2636 1105 2669 ad
1131 2633 1420 2677 dispositionem
1447 2629 1682 2675 plectocysti-

113 2701 223 2736 deam
261 2711 322 2734 me
354 2701 496 2735 vidisse
530 2699 672 2743 putavi,
709 2707 939 2741 quamquam
967 2696 1092 2729 minus
1119 2693 1318 2737 perspicue
1344 2690 1577 2734 perductam,
1605 2699 1681 2722 non

113 2761 219 2804 potui
245 2760 338 2803 quin
363 2759 645 2794 considerarem
674 2757 844 2801 Speciem
872 2756 1000 2789 forsan
1019 2753 1154 2787 melius
1173 2752 1219 2785 ad
1238 2750 1415 2785 viciniam
1438 2748 1502 2783 Gr.
1521 2746 1683 2782 distichae

113 2830 197 2854 esse
221 2819 486 2854 revocandam.
