1779 3068
1622 80 1669 120 11

106 201 329 256 triangule
362 199 529 243 divisis.
585 199 664 241 Sin
696 212 801 242 vero
835 213 889 241 ex
922 202 1143 241 structura
1175 197 1384 239 interiore
1408 197 1673 252 cystocarpii

106 272 163 315 de
211 271 431 314 affinitate
476 270 662 312 Generis
703 269 923 325 judicium
958 269 1075 311 ferre
1107 272 1373 324 opporteret,
1409 267 1564 310 Genus
1596 267 1673 310 Lo-

107 342 365 385 mentarieis
412 340 823 396 adproximandum
871 353 978 389 esse,
1029 339 1140 395 qnin
1182 339 1322 380 immo
1360 339 1523 381 certius
1556 352 1675 380 assu-

109 413 326 456 mendum
360 417 578 468 putarem.

251 482 412 533 Quoad
458 483 603 538 ipsam
651 481 1025 537 placentationem
1069 481 1217 523 nuclei
1255 481 1302 522 in
1336 480 1552 522 Florideis
1585 480 1675 522 ani-

108 555 386 598 madvertere
427 553 595 609 placuit
635 553 888 608 placentam
934 566 1055 594 nunc
1096 552 1309 595 obvenire
1350 565 1480 607 posse
1512 565 1675 607 parum

106 626 347 674 evolutam,
392 623 572 679 qualem
612 624 728 665 hanc
766 623 812 664 in
845 623 966 665 haud
1000 623 1154 678 paucis
1188 622 1222 664 F
1226 622 1405 665 lorideis
1437 622 1676 664 obvenien-

107 701 196 739 tem
239 695 467 741 novimus:
511 707 633 736 nunc
675 707 780 736 vero
823 694 938 735 hanc
971 694 1259 735 constitutam
1293 693 1428 749 plexu
1461 692 1676 748 peculiari

107 767 284 809 filorum
327 764 763 808 anastomosantium
805 765 994 815 (Florid.
1029 765 1241 818 Morphol.
1277 766 1358 807 tab.
1394 765 1481 806 III
1501 766 1578 820 fiy.
1614 766 1675 806 23

105 838 155 880 in
192 837 419 892 Oeramio).
484 835 617 878 Modo
651 835 850 890 quodam
882 836 1071 890 analogo
1105 836 1406 890 placentarem
1446 835 1675 889 regionem

107 909 154 952 in
196 908 441 951 Martensia
484 906 732 949 admodum
773 906 1000 948 evolutam
1033 905 1242 961 equidem
1277 906 1382 956 vidi,
1417 905 1536 960 quod
1572 919 1676 960 quo-

106 994 195 1036 que
243 979 407 1021 Generi
452 977 861 1021 characteristicum
896 977 1101 1019 lubenter
1133 991 1423 1019 assumerem.
1488 976 1676 1031 Compa-

107 1051 224 1093 ranti
256 1064 361 1093 vero
393 1049 505 1091 mihi
538 1048 626 1090 alia
657 1049 787 1104 plura
820 1047 1007 1099 Genera,
1043 1062 1145 1104 quae
1177 1048 1373 1091 invicem
1396 1047 1554 1090 affinia
1576 1061 1675 1089 con-

106 1122 373 1171 siderantur,
419 1119 626 1162 didicisse
667 1120 822 1175 putavi
861 1119 984 1161 haud
1016 1119 1206 1161 nimiam
1238 1119 1331 1162 vim
1364 1118 1469 1160 huic
1502 1118 1677 1160 charac-

106 1193 186 1235 teri
211 1218 268 1222 —
290 1205 569 1248 quamquam
603 1204 724 1233 nunc
757 1189 1004 1232 admodum
1037 1190 1293 1246 conspicuo,
1328 1188 1677 1232 adtribuendam

107 1278 215 1307 esse.
280 1264 345 1305 De
379 1263 625 1306 Martensia
657 1261 762 1304 olim
797 1261 995 1304 scribens
1029 1262 1094 1314 (in
1129 1262 1200 1316 Sp.
1236 1261 1333 1316 Azy.
1368 1262 1456 1303 Vol.
1488 1261 1548 1302 II
1567 1274 1677 1313 pars

108 1336 141 1377 I
159 1349 261 1389 pay.
298 1335 411 1389 823)
458 1334 612 1376 Genus
659 1332 715 1375 ad
762 1332 1092 1375 Rhodomeleas
1140 1346 1212 1374 me
1260 1332 1475 1382 retulisse,
1524 1337 1675 1373 tamen

106 1406 283 1462 adjecta
330 1404 641 1447 observatione
688 1405 748 1458 (p.
785 1406 898 1459 396)
946 1403 1084 1446 dubia
1126 1403 1180 1445 de
1218 1403 1436 1445 affinitate
1469 1401 1675 1444 nondum

109 1477 254 1519 soluta
287 1475 398 1517 mihi
431 1475 704 1531 adparuisse.
769 1474 954 1530 Harvey
986 1474 1033 1516 in
1077 1474 1333 1529 Phycoloyz'a
1366 1474 1564 1516 Australi
1597 1472 1677 1515 Ge-

109 1562 194 1590 nus
239 1547 296 1589 ad
338 1546 667 1588 Rhodomeleas
712 1546 874 1596 retulit,
908 1545 1024 1589 inter
1057 1545 1302 1588 Claudeam
1335 1549 1378 1586 et
1410 1544 1675 1585 Thuretiam

106 1619 236 1674 quasi
286 1617 600 1660 intermediam
629 1621 692 1660 ,at
739 1616 863 1658 nulla
904 1617 1024 1659 facta
1063 1616 1245 1672 propria
1277 1616 1588 1658 observatione
1622 1614 1676 1656 de

107 1694 332 1733 structura
376 1687 770 1743 cystocarpiorum.
835 1687 887 1729 In
933 1687 1182 1743 Systemate
1230 1686 1532 1729 Schmitziano
1567 1686 1676 1727 Mar-

106 1761 298 1803 tensiam
332 1758 631 1814 Nitophylleis
663 1758 934 1814 adscriptam
969 1758 1102 1801 hodie
1133 1758 1276 1801 Video.
1331 1757 1432 1813 Ipse
1455 1771 1560 1799 vero
1582 1756 1675 1811 jam

109 1836 241 1874 antea
288 1830 437 1885 (Bidr.
472 1830 569 1884 Aly.
607 1830 715 1884 Syst.
751 1830 827 1871 IV
854 1845 898 1883 p.
936 1831 1016 1883 87)
1064 1828 1397 1871 Martensiaceis
1444 1828 1676 1883 proprium

106 1902 312 1945 ordinem
346 1902 462 1943 inter
500 1900 883 1956 Spongiocarpeas
917 1905 959 1942 et
991 1900 1326 1942 Lomentariam
1359 1898 1675 1941 intermediam

108 1987 442 2030 proposueram,
468 1972 684 2014 suadente
707 1972 853 2014 forma
876 1971 1226 2027 gemmidiorum
1243 1975 1340 2013 tum
1359 1984 1462 2012 cum
1487 1970 1674 2023 Polyzssde,

106 2049 205 2088 tum
239 2058 340 2086 cum
378 2043 695 2093 Lomentarieis,
730 2046 780 2084 ut
812 2043 934 2093 finxi,
970 2042 1258 2084 indicantem.
1314 2041 1407 2083 Nec
1440 2040 1571 2082 hodie
1605 2054 1677 2082 me

108 2115 249 2172 pudet
295 2114 517 2170 ejusmodi
565 2114 823 2169 opinionem
869 2113 1108 2169 protulisse
1148 2113 1373 2161 confiteor,
1408 2111 1677 2166 comparatis

107 2201 289 2242 quoque
334 2185 666 2228 characteribus
711 2185 758 2226 in
801 2185 869 2227 his
910 2184 1161 2227 Generibus
1194 2183 1441 2225 admodum
1475 2182 1673 2224 diversis.

251 2257 407 2314 Ipsum
456 2257 666 2299 nucleum
713 2255 1075 2311 gemmidiorum,
1126 2269 1246 2296 nunc
1292 2253 1535 2296 admodum
1577 2253 1677 2294 sim-

110 2328 269 2384 plicem
305 2328 507 2383 generari
540 2331 583 2369 et
615 2327 743 2382 quasi
777 2341 831 2369 ex
864 2326 1020 2368 eodem
1054 2325 1269 2367 fasciculo
1296 2323 1558 2366 cellularum
1580 2337 1678 2364 cen-

108 2398 210 2441 trali
258 2403 308 2440 ut
354 2398 533 2440 cuidam
581 2397 820 2447 videretur,
870 2410 1018 2438 ramos
1066 2410 1169 2438 suos
1213 2396 1384 2437 ferente
1422 2399 1465 2436 et
1497 2407 1676 2449 quoque

110 2468 356 2526 gemmidia
402 2469 646 2519 formante3
698 2481 818 2509 nunc
866 2481 970 2509 vero
1019 2465 1243 2522 ejusmodi
1288 2465 1549 2507 fasciculum
1585 2478 1675 2505 non

109 2545 287 2583 tantum
336 2539 569 2594 posterius,
620 2538 697 2580 sed
745 2538 871 2593 quasi
918 2537 974 2579 ab
1013 2537 1184 2592 origine
1217 2535 1514 2591 compositum
1549 2534 1676 2577 obve-

110 2612 218 2659 nire,
254 2610 297 2652 id
332 2610 505 2652 facilius
537 2610 690 2651 forsan
724 2608 824 2664 quis
857 2613 1034 2664 putaret
1066 2608 1220 2650 sistere
1253 2606 1556 2649 characterem
1589 2619 1676 2647 ma-

108 2682 218 2738 joris
265 2681 503 2736 cujusdam
552 2679 781 2730 momenti,
831 2679 952 2735 quod
1001 2679 1084 2720 hoc
1132 2677 1228 2720 loco
1276 2691 1367 2719 non
1406 2676 1532 2732 potui
1566 2676 1677 2731 quin

109 2752 529 2795 animadverterem.
604 2750 891 2805 Quicumque
937 2748 1288 2805 pulcherrimam
1337 2747 1517 2790 Iconem
1566 2748 1676 2789 Nac-

109 2824 242 2866 carz'ae
270 2823 444 2877 Wiyyii,
480 2837 505 2864 a
538 2822 703 2864 Bornet
735 2821 899 2871 datam,
934 2809 1274 2876 comparaverit,
1298 2818 1374 2861 vix
1408 2832 1498 2860 non
1526 2817 1675 2859 statim
