1779 3068
136 101 215 141 12³*
720 94 1107 134 Mmssoaomssns.

131 257 221 307 XI.
303 256 750 306 MICROGONGRUS
808 250 875 316 (J.
918 250 1015 319 Ay.
1066 254 1245 316 mser.)
1305 267 1451 301 anne
1509 250 1698 301 Genus

203 344 288 395 sui
321 342 466 411 juris
507 342 651 392 inter
698 339 1158 407 Rliodymenieas
1198 339 1624 390 instituendum.

272 498 322 539 In
357 498 508 553 planta
544 496 742 551 quadam
776 495 915 537 Novae
949 494 1215 541 Hollandiae,
1250 494 1359 536 mihi
1394 494 1499 536 olim
1533 508 1559 535 a
1592 494 1700 536 Miss

131 570 432 624 Hodgkinson
468 568 603 609 missa
636 573 681 608 at
713 572 889 608 tantum
924 567 969 607 in
1008 567 1141 607 unico
1182 566 1440 621 specimine,
1475 565 1699 620 caespitem

131 641 357 682 minutum
392 640 467 681 vix
501 637 926 693 sesqui-pollicarem
961 637 1196 686 referente,
1226 636 1461 678 frondibus
1485 636 1700 677 nimirum

129 712 380 753 numerosis
428 710 484 752 ab
533 710 808 765 expansione
858 708 1041 750 radicali
1090 708 1289 750 calcarea
1334 706 1702 762 provenientibus

130 789 382 831 constante,
433 781 622 836 singulis
670 781 830 822 horum
881 780 1057 821 inferne
1118 779 1471 833 angustioribus,
1522 791 1701 819 sursum

130 853 359 908 paulisper
407 853 601 894 dilatatis
650 858 693 894 et
737 851 1032 906 complanatis
1069 849 1327 899 linearibus,
1362 849 1439 891 vix
1472 854 1625 890 tamen
1658 848 1703 889 li-

131 939 263 966 neam
314 925 548 966 latitudine
598 924 929 978 superantibus,
980 928 1022 964 et
1069 922 1138 964 his
1185 935 1316 976 parce
1349 921 1535 963 furcatis
1568 925 1703 975 atque

129 996 315 1045 obtusis,
365 996 661 1051 margineque
710 995 937 1050 paulisper
978 992 1278 1049 inaequalibus
1312 1005 1442 1047 parce
1475 990 1704 1032 undulatis

128 1072 208 1109 aut
241 1067 580 1115 subcrenulatis,
615 1066 969 1121 Phyllophoram
1015 1065 1242 1120 quispiam
1282 1063 1447 1105 diceret
1480 1062 1703 1103 minutam

134 1138 444 1186 referentibus,
492 1152 661 1180 novum
706 1137 935 1192 quoddam
975 1136 1129 1178 Genus
1163 1135 1368 1177 lubenter
1400 1147 1703 1189 agnoscerem,

131 1209 254 1265 quod
286 1214 364 1251 aut
396 1209 751 1264 Rhodymenieis
784 1214 862 1249 aut
904 1206 1260 1262 Rhodophylleis
1294 1205 1548 1261 proximum
1584 1203 1705 1258 judi-

129 1295 294 1323 carem.
350 1280 483 1329 Quod
516 1285 666 1321 autem
703 1279 812 1320 mihi
837 1279 953 1320 banc
975 1278 1176 1333 plantam
1201 1276 1457 1318 observanti
1482 1275 1704 1330 praecipue

132 1351 589 1394 animadvertendum
634 1350 856 1406 adparuit,
897 1350 940 1391 id
975 1364 1029 1390 ex
1063 1363 1113 1390 eo
1147 1348 1429 1395 deducerem,
1465 1345 1587 1401 quod
1619 1346 1706 1387 for-

133 1438 214 1465 san
262 1423 346 1464 hac
395 1422 612 1464 suadente
660 1422 900 1464 affinitates
949 1434 1129 1476 quoque
1177 1418 1486 1473 intelligantur
1524 1416 1705 1458 alterius

132 1494 296 1549 plantae
345 1494 451 1536 olim
498 1508 523 1535 a
565 1493 749 1549 Harvey
793 1493 840 1534 in
888 1493 1084 1547 Cryptoy.
1119 1491 1371 1533 Antaretica
1406 1489 1489 1530 sub
1523 1487 1706 1530 nomine

132 1566 461 1621 Rhodymeniae
494 1565 726 1607 variolosae
760 1564 1004 1619 descriptae.

274 1636 328 1678 In
373 1641 527 1678 nostra
570 1636 726 1691 planta
770 1640 921 1676 tamen
962 1633 1104 1676 multo
1138 1633 1310 1674 minore
1343 1634 1449 1672 sunt
1481 1629 1706 1684 margines

133 1708 263 1762 quasi
312 1706 612 1749 minutissime
660 1705 890 1748 crenulati.
958 1704 1003 1746 Si
1052 1703 1243 1746 crenulae
1285 1702 1395 1752 istae,
1434 1701 1511 1742 ubi
1546 1699 1706 1741 melius

133 1778 325 1821 evolutae
367 1777 545 1826 adsunt,
588 1777 841 1818 accuratius
875 1775 1193 1817 examinantur
1224 1777 1427 1815 constare
1460 1771 1708 1827 adpareant

132 1849 410 1905 corpusculis
459 1847 838 1903 suboylindraeeis
887 1846 1070 1893 obtusis,
1116 1846 1162 1887 in
1207 1845 1371 1900 quibus
1404 1844 1558 1885 forsan
1592 1842 1708 1897 quis-

133 1921 256 1977 piam
305 1920 637 1975 sphaerosporas
686 1923 765 1960 aut
811 1917 1083 1973 receptanda
1132 1916 1493 1971 spliae1·osporum
1529 1926 1705 1967 exspec-

133 1996 268 2041 taret3
312 1991 359 2032 in
399 1989 564 2044 quibus
597 2003 703 2031 vero
737 1988 942 2031 crenulas
974 2000 1290 2042 recognoscere
1323 1984 1505 2034 credidi,
1539 1983 1707 2026 sensim

134 2064 179 2104 in
230 2062 509 2118 cystocarpia
555 2066 890 2103 transmutatas.
956 2059 1247 2114 Quamquam
1295 2058 1432 2113 igitur
1473 2058 1519 2098 in
1552 2056 1708 2112 planta

135 2134 309 2175 minuta
343 2132 622 2188 cystocarpia
654 2131 900 2173 admodum
936 2130 1115 2173 evoluta
1137 2128 1409 2185 suspicanda
1433 2128 1704 2170 viderentur.

278 2202 584 2246 Transversali
634 2203 754 2244 facta
803 2202 996 2244 sectione
1045 2200 1311 2256 cystocarpii
1350 2199 1493 2255 magis
1527 2198 1708 2251 evoluti,

136 2274 575 2328 rotundato—oblongi
625 2273 861 2315 observare
910 2271 1077 2314 credidi
1128 2271 1379 2326 placentam
1425 2267 1706 2325 parietalem3

135 2351 177 2387 et
211 2360 264 2388 ex
300 2346 516 2400 placenta,
550 2345 613 2387 ita
644 2345 699 2386 ad
734 2346 951 2400 parietem
985 2342 1115 2398 quasi
1152 2340 1393 2396 lateraliter
1437 2340 1599 2387 adfixa,
1634 2339 1710 2381 fila

135 2416 483 2471 gemmidiorum
537 2416 630 2458 vidi
684 2414 1007 2457 moniliformia
1061 2419 1154 2456 tum
1205 2412 1444 2454 lateraliter
1491 2411 1707 2467 parietem

137 2502 292 2529 ’versus
341 2488 546 2540 alterum,
596 2492 694 2530 tum
738 2501 932 2536 sursum,
966 2490 1063 2527 tum
1098 2484 1305 2526 deorsum
1341 2496 1582 2524 numerosa
1614 2495 1709 2523 exe-

139 2559 276 2608 untia,
327 2559 593 2601 fasciculum
644 2558 820 2599 filorum
876 2556 1247 2598 moniliformium
1297 2558 1364 2596 sat
1410 2553 1707 2608 gelatinosum

138 2630 392 2679 formantia,
428 2631 559 2685 cujus
592 2630 639 2671 in
664 2629 863 2671 articulis
887 2627 1168 2681 subglobosis
1190 2625 1436 2681 gemmidia
1459 2623 1710 2666 conformia

138 2701 316 2752 singula
364 2701 606 2743 admodum
658 2700 902 2755 conspicua
949 2698 1055 2741 Vidi.
1131 2698 1232 2746 Qua
1285 2696 1467 2752 quidem
1518 2694 1709 2736 ducente

139 2779 363 2812 structura
396 2772 595 2826 plantam
631 2769 1038 2825 Rhodymcniaceis
1072 2767 1357 2810 referendam
1391 2780 1499 2817 esse,
1529 2778 1710 2820 quoque

139 2856 365 2882 assumere
399 2856 535 2883 ausus
569 2857 682 2884 sum.
