1779 3068
131 132 212 174 102
752 125 1073 167 GRAOILARIAE.

126 255 168 291 et
216 247 359 302 magis
407 257 620 295 carnosae,
669 256 791 285 nunc
839 243 983 298 magis
1027 242 1287 297 gelatinosae
1320 247 1363 284 et
1395 243 1442 284 in
1475 244 1698 287 exsiccato

126 318 372 375 specimine
420 315 718 370 cartilagineae
752 339 810 344 --
842 313 1014 357 variam
1064 312 1277 355 obvenire
1326 327 1456 368 posse
1494 315 1700 358 lubenter

126 394 445 444 exspectarem.
511 386 632 428 Hinc
678 399 860 441 quoque
893 385 1171 427 characteres
1204 389 1247 427 et
1278 385 1520 428 affinitates
1552 412 1610 416 —
1642 401 1699 429 ne

126 461 273 503 dicam
317 459 481 501 limites
527 457 702 513 Speciei
733 482 791 486 —
824 457 911 498 alio
949 455 1084 498 modo
1117 456 1477 511 interpretandas
1510 471 1605 500 esse
1638 458 1700 500 lu-

125 532 283 574 benter
329 543 630 580 assumerem;
680 532 723 570 et
764 542 854 583 quo
885 527 985 583 jure
1011 528 1358 582 plectocystz'deas
1390 542 1416 569 a
1446 529 1699 583 microcysti·

125 604 215 646 deis
256 600 584 657 dignoscendas
626 600 796 655 putavi,
839 599 933 641 fere
973 599 1132 641 eodem
1171 599 1471 642 Gracilarz‘am
1503 601 1700 642 cervicor-

125 689 219 717 nem
250 700 308 704 —
340 678 383 716 et
430 673 467 715 si
514 672 612 714 aliae
660 670 870 727 quaedam
916 670 1096 725 Species
1136 669 1345 712 adessent
1376 671 1481 713 huic
1515 685 1700 727 congru-

126 749 251 787 entes
285 771 341 774 —
373 744 429 786 ab
463 743 560 785 aliis
595 743 730 785 Podei
766 742 1008 798 Speciebus
1042 741 1396 797 dignoscendam
1430 743 1599 798 putavi.

272 816 403 858 Hanc
451 829 557 857 vero
606 814 910 857 diversitatem
960 816 1205 863 structurae,
1250 827 1331 868 pro
1364 818 1495 856 aetate
1528 818 1570 856 et
1603 829 1700 858 evo-

126 888 310 930 lutionis
358 886 501 942 gradu
550 886 715 941 plantae
765 885 1047 933 examinatae,
1088 884 1232 939 magis
1265 885 1555 940 conspicuam
1590 886 1698 938 fieri,

125 959 303 1001 facilius
337 972 518 1013 quoque
549 956 892 1012 intelligendum
927 960 1153 1011 putarem3
1188 960 1323 1011 atque
1356 956 1390 998 si
1426 956 1495 998 his
1518 956 1701 999 additur

126 1030 328 1086 plantam
363 1029 499 1079 illam,
535 1029 618 1070 sub
650 1028 836 1070 nomine
864 1028 992 1071 Grac.
1018 1028 1271 1070 cervicornis
1291 1027 1577 1079 intellectam,
1602 1033 1700 1071 tun]

127 1101 273 1158 quoad
325 1116 452 1143 suam
496 1101 691 1142 formam
733 1099 905 1141 frondis
939 1099 1218 1149 exteriorem,
1252 1103 1350 1140 tum
1384 1099 1535 1154 quoad
1569 1114 1700 1142 suam

126 1173 500 1215 ramificationem
533 1198 590 1202 —
624 1185 703 1226 pro
752 1175 894 1221 aetate,
946 1171 1166 1212 densitate
1214 1174 1292 1212 aut
1339 1170 1562 1226 sparsiora
1604 1185 1699 1227 pro-

126 1249 267 1287 ventu
315 1243 608 1293 ramulorum,
649 1256 763 1297 quos
808 1245 942 1298 prout
974 1247 1052 1283 aut
1083 1242 1196 1283 rami
1231 1241 1489 1293 dichotomi,
1525 1248 1603 1284 aut
1635 1257 1698 1284 ra-

126 1315 239 1356 muli
288 1315 512 1370 pinnatim
552 1313 758 1369 dispositi
802 1312 1132 1355 numerosiores
1165 1316 1449 1368 generantur,
1483 1313 1531 1354 in
1564 1314 1700 1368 speci-

127 1386 327 1428 minibus
361 1386 458 1427 aliis
492 1385 549 1427 ad
581 1385 859 1440 cystocarpia
886 1383 1156 1440 generanda,
1182 1383 1279 1425 aliis
1303 1384 1487 1426 demum
1510 1385 1700 1440 sphaero-

126 1458 356 1513 sporiferis
389 1483 446 1487 -—
480 1457 650 1499 variam
701 1456 914 1499 obvenire
962 1455 1122 1498 debere
1167 1455 1345 1498 facilius
1383 1470 1565 1511 quoque
1599 1470 1698 1498 con-

125 1529 385 1585 cipiendum
418 1528 608 1584 speravi.
673 1528 848 1583 Hisque
881 1527 1130 1570 rationibus
1163 1527 1388 1578 insistens,
1419 1527 1531 1569 mihi
1554 1527 1699 1583 ignos-

126 1600 320 1642 cendum
370 1600 547 1656 speravi
596 1600 631 1642 si
674 1599 801 1642 aliter
838 1603 935 1641 tum
969 1599 1023 1641 de
1056 1598 1274 1641 limitibus
1309 1598 1481 1654 Speciei
1514 1604 1612 1641 tum
1644 1598 1699 1641 de

126 1672 332 1727 proxima
365 1671 569 1727 ejusdem
603 1672 822 1713 affinitate
854 1671 1164 1727 judicaverim.

127 1804 194 1844 61.
266 1802 349 1845 GR.
386 1817 697 1844 OERVICORNIS
737 1803 889 1855 Tw⁴n.;
921 1802 965 1844 J.
1001 1802 1082 1856 Ay.
1118 1801 1265 1855 Epicr.
1294 1816 1340 1856 p.
1375 1803 1465 1843 425
1485 1800 1536 1856 ²¹⁶)

268 2113 300 2155 ÷÷>
326 2114 496 2157 Speciem
530 2114 639 2155 hanc,
675 2114 900 2156 jamdudum
934 2113 1175 2156 descriptam,
1210 2112 1342 2146 habitu
1377 2112 1541 2145 alienam
1567 2115 1698 2145 tamen

124 2174 328 2207 transitum
366 2174 475 2216 quasi
514 2184 646 2216 parare
685 2173 732 2207 ad
771 2174 863 2206 alias
904 2173 1055 2216 Species
1095 2173 1164 2206 rite
1205 2173 1389 2215 planatas,
1423 2182 1517 2214 quas
1543 2171 1698 2205 nomine

123 2233 240 2266 Podei
277 2233 356 2275 jam
394 2234 435 2266 in
474 2227 640 2276 Epicrisz'
674 2233 892 2275 designatas
929 2232 1151 2267 Sub-Genus
1179 2232 1395 2265 Gracilariae
1422 2231 1698 2265 constituentes

124 2293 267 2335 putavi,
304 2293 479 2326 lubenter
512 2293 625 2327 hodie
656 2303 912 2335 agnoscerem.
962 2294 1091 2335 Ipsam
1119 2295 1348 2325 structuram
1376 2291 1522 2324 frondis
1550 2290 1699 2323 interio-

123 2362 202 2385 rem
242 2363 392 2395 quoque
431 2353 557 2395 typice
596 2353 756 2386 eandem
792 2352 885 2385 mihi
922 2352 1125 2386 obvenisse
1152 2362 1264 2396 quam
1292 2351 1332 2384 in
1359 2351 1442 2384 aliis
1469 2350 1586 2384 Podei
1614 2350 1699 2392 Spe-

123 2411 253 2445 ciebus
293 2412 591 2454 dignoscendam
631 2412 774 2455 putavi.
824 2413 869 2445 In
910 2412 1041 2455 planta
1067 2422 1156 2445 vero
1182 2411 1254 2444 sub
1281 2410 1442 2444 diversis
1469 2409 1698 2444 evolutionis

123 2471 258 2504 stadiis
298 2472 400 2505 haud
440 2483 573 2514 parum
607 2472 758 2506 diversa
784 2491 828 2495 —
856 2475 957 2505 nunc
984 2472 1104 2513 magis
1132 2482 1300 2513 carnosa,
1328 2481 1429 2504 nunc
1456 2469 1576 2512 magis
1603 2469 1698 2511 gela-

124 2529 249 2563 tinosa
289 2531 327 2564 in
361 2532 514 2574 recenti,
551 2533 590 2565 in
622 2532 811 2565 exsiccata
838 2532 958 2574 magis
986 2531 1230 2574 cartilaginea
1257 2550 1299 2553 —
1328 2540 1388 2563 me
1414 2539 1564 2572 quoque
1590 2538 1698 2570 quas-

124 2589 210 2622 dam
238 2593 437 2624 structurae
463 2591 700 2625 differentias
727 2591 871 2625 sensim
900 2591 937 2624 111
966 2592 1096 2634 planta
1120 2591 1240 2633 magis
1259 2590 1411 2624 evoluta
1430 2588 1697 2632 provenientes

125 2648 360 2693 observasse,
400 2651 513 2684 hodie
552 2651 695 2684 dixisse
732 2651 866 2694 placet.
918 2651 1175 2699 Latitudinem
1203 2653 1285 2683 tum
1312 2648 1477 2682 rachidis
1504 2650 1542 2681 et
1568 2647 1698 2690 pinna-

123 2718 218 2749 rum,
258 2712 339 2742 tum
378 2710 640 2752 adparentiam
676 2711 973 2752 ramificationis,
1004 2730 1045 2734 —-
1073 2713 1185 2753 prout
1211 2712 1277 2743 aut
1302 2708 1397 2741 rami
1423 2706 1632 2741 dichotomi
1660 2709 1697 2739 et

124 2768 244 2807 magis
283 2769 460 2811 elongati,
500 2773 565 2804 aut
601 2770 734 2804 ramuli
770 2770 958 2812 pinnatim
986 2781 1008 2804 a
1034 2769 1204 2812 margine
1231 2768 1498 2811 provenientes
1526 2776 1698 2799 numero·

124 2826 242 2859 siores
280 2829 522 2872 praevaleant,
556 2833 621 2863 aut
653 2840 786 2863 omnes
819 2841 951 2873 parum
979 2830 1192 2872 conspicue,
1210 2828 1351 2862 diversi
1378 2828 1627 2870 permaneant
1653 2843 1696 2848 —

124 2885 327 2919 admodum
369 2889 510 2921 variam
551 2889 732 2923 obvenire
771 2900 894 2932 posse,
928 2889 1030 2922 haud
1057 2899 1250 2931 negarem3
1280 2890 1317 2921 et
1345 2885 1534 2930 ejusmodi
1562 2885 1697 2918 ducen-
