1779 3068
776 98 1012 140 CURDIEAE.
1597 98 1678 139 105
1703 121 1706 124 ⁴

112 218 340 256 venientem.
374 221 417 251 ut
447 218 643 260 specificos
677 218 912 251 characteres
940 217 1136 258 utriusque
1163 216 1307 259 Speciei
1335 216 1468 249 iisdem
1496 216 1574 249 fere
1601 226 1678 250 ver-

110 278 170 312 bis
208 277 422 312 describere
459 276 621 315 licuerit;
663 276 815 310 easdem
854 278 981 309 autem
1020 276 1206 309 fructibus
1240 286 1322 309 esse
1349 276 1402 309 ita
1427 276 1608 318 diversas,
1637 278 1678 309 ut

112 337 272 379 Genera,
299 336 437 378 quibus
473 335 690 369 referendas
716 334 862 378 putavi,
889 345 949 368 me
975 335 1111 377 judico,
1139 335 1185 368 ad
1212 335 1381 369 diversas
1408 335 1572 368 familias
1600 345 1678 377 per-

110 396 270 430 tineant.

142 515 180 556 2.
253 513 480 554 CURDIAEA
519 511 833 553 ENGELHARTI
878 511 944 563 (J.
979 511 1060 563 Ay.
1095 513 1240 565 mser.)
1285 512 1444 553 fronde
1492 511 1676 553 demum

251 583 368 626 ultra
400 581 561 638 pedali,
596 587 693 623 tum
727 582 862 623 ramis
895 581 1181 636 paucioribus
1220 582 1561 625 subdichotome
1595 582 1677 624 dis-

253 654 420 710 positis,
467 658 563 695 tum
598 653 667 694 his
700 653 863 708 pinnas
896 653 1150 695 conformes
1183 668 1208 695 a
1242 654 1443 708 margine
1476 653 1677 695 emitten-

251 725 371 768 tibus
424 724 934 780 decomposito-ramosa‚
985 723 1243 766 rachidibus
1296 724 1537 779 pinnisque
1585 724 1677 766 ima

250 796 346 839 basi
394 795 789 845 subteretiusculis,
840 794 944 836 dein
992 795 1138 849 planis
1184 795 1427 837 linearibus
1465 795 1675 837 coriaceis

251 868 468 924 apiceque
517 880 727 921 supremo
776 865 832 907 ad
878 865 1142 908 divisionem
1178 867 1342 921 proniS,
1378 865 1561 907 demum
1595 867 1677 907 fer-

250 939 401 981 tilibus
448 938 496 979 in
543 938 677 993 plana
726 941 851 992 parte
899 950 980 978 sua
1028 936 1188 983 media,
1231 936 1351 978 infra
1393 936 1675 992 superficiem

251 1009 560 1052 sub-torulosae
613 1008 815 1050 inflatam
869 1007 1250 1063 cystocarpiorum
1303 1008 1485 1049 nucleos
1541 1007 1677 1049 dense

250 1080 488 1136 dispositos
520 1079 853 1134 generantibus.

323 1175 441 1218 Hab.
476 1175 533 1216 ad
566 1189 665 1217 oras
698 1174 838 1217 Novae
868 1173 1104 1224 Zelandiae,
1131 1173 1241 1215 mihi
1264 1188 1290 1215 a
1312 1173 1422 1215 Rob.
1453 1173 1507 1215 M.
1534 1173 1677 1228 Laing

324 1247 422 1302 (sub
456 1246 540 1289 uzis
576 1247 660 1288 104
692 1251 735 1288 et
772 1246 888 1300 106);
935 1250 1031 1287 tum
1064 1246 1228 1300 plantae
1262 1244 1438 1301 (exinde
1471 1248 1519 1286 ut
1553 1248 1675 1299 puta-

323 1333 418 1360 rem
465 1318 657 1373 reJ'ectae)
711 1331 766 1359 ex
814 1316 901 1358 oris
955 1316 1095 1358 Novae
1148 1315 1402 1357 Hollandiae
1451 1315 1677 1371 specimen

322 1389 438 1431 ultra
471 1388 629 1444 pedale
662 1388 717 1430 ab
750 1388 999 1443 Engelhart
1031 1388 1136 1429 olim
1171 1387 1358 1428 missum
1392 1386 1542 1428 habui.

253 1485 452 1529 Specimen
488 1485 626 1528 plantae
662 1494 889 1527 pennagnae,
923 1483 1182 1517 crassiusculae
1209 1486 1246 1516 et
1272 1482 1460 1523 coriaeeae,
1488 1482 1588 1524 quod
1616 1492 1675 1515 ex-

106 1546 291 1580 siccatum
329 1548 366 1578 et
401 1544 594 1587 paulisper
625 1544 894 1586 decoloratum,
928 1542 1133 1585 Gigartinae
1161 1542 1358 1584 cujusdam
1386 1541 1580 1584 specimen
1608 1541 1677 1574 for-

106 1616 175 1640 san
215 1604 299 1648 quis
338 1604 550 1645 crediderit,
585 1606 774 1636 structura
807 1605 933 1636 autem
960 1602 1106 1635 frondis
1133 1605 1197 1635 aut
1225 1601 1470 1635 Gracilariam
1498 1605 1561 1634 aut
1590 1599 1677 1634 Cur-

106 1666 242 1700 diaeam
281 1664 456 1708 prodens,
489 1663 553 1696 diu
589 1663 765 1705 equidem
797 1662 837 1695 in
865 1662 1050 1696 Herbario
1077 1661 1237 1702 servavi,
1265 1661 1313 1694 ob
1340 1661 1560 1693 deficientes
1587 1670 1676 1693 vero

105 1725 252 1759 fructus
292 1724 386 1757 mihi
426 1723 550 1765 quoad
586 1722 792 1756 atfinitates
829 1721 998 1755 dubium.
1050 1721 1238 1754 Rachides
1265 1720 1329 1754 ubi
1357 1720 1552 1753 latissimae
1579 1719 1677 1752 ultra

106 1784 403 1827 semipollicares
442 1786 480 1816 et
515 1783 586 1816 hoc
619 1782 700 1815 loco
734 1782 773 1814 in
805 1782 827 1815 3
860 1791 984 1814 ramos
1017 1781 1303 1813 subconformes
1337 1779 1560 1817 subdivisa
1589 1778 1677 1811 (lein

106 1854 173 1887 per
211 1845 330 1877 totam
369 1841 647 1884 longitudinem
686 1840 813 1884 pinnis
855 1839 946 1874 1—2
984 1840 1103 1873 lineas
1142 1839 1372 1873 distantibus
1412 1839 1556 1880 obsitae,
1585 1838 1677 1881 ipsae

106 1903 211 1937 velut
248 1902 343 1935 rami
385 1904 422 1935 et
457 1901 583 1944 pinnae
610 1900 804 1934 nonnullae
829 1900 1018 1942 longiores
1045 1900 1083 1932 in
1110 1899 1267 1932 lacinias
1294 1909 1432 1941 paucas
1460 1897 1676 1931 subdivisae.

104 1962 236 1996 Pinnae
264 1961 379 2004 hujus
405 1960 626 2004 speciminis
653 1959 825 2003 plurimae
850 1959 997 1993 circiter
1014 1958 1259 2001 3pollicares,
1280 1957 1675 1998 lanceolam-lineares,

105 2021 198 2055 2-3
224 2021 343 2054 lineas
370 2020 456 2054 latae
482 2020 565 2053 basi
592 2022 629 2053 et
655 2019 762 2062 apice
788 2019 1026 2061 angustiores
1063 2018 1322 2051 crassiusculae
1350 2021 1387 2051 et
1414 2018 1541 2050 firmae.
1595 2017 1677 2058 Seg-

105 2083 234 2114 mento
272 2080 374 2114 facto
412 2079 669 2121 transversan,
708 2078 786 2113 vidi
826 2081 944 2112 totam
984 2078 1159 2111 frondem
1200 2077 1418 2110 interiorem
1459 2079 1676 2110 contextam

105 2139 251 2174 cellulis
290 2138 708 2180 rotundato-angulatis,
749 2141 787 2171 at
824 2139 985 2172 formam
1022 2137 1125 2170 illam
1162 2137 1419 2179 praebentibus
1441 2133 1678 2179 plecto-cysti-

106 2198 210 2234 deam
246 2199 325 2242 (aut
363 2197 615 2239 obvolutivam)
648 2208 762 2240 quam
795 2197 834 2230 in
865 2197 1082 2231 Gracilariis
1110 2196 1240 2230 multis
1268 2196 1537 2230 obvenientem
1563 2193 1677 2227 hodie

106 2258 306 2301 descripsi;
347 2257 501 2291 cellulas
537 2260 664 2291 autem
697 2258 766 2290 has
793 2268 862 2290 suo
889 2259 1070 2291 contentu
1097 2256 1300 2299 gra-nuloso
1327 2256 1465 2288 farctas
1493 2256 1591 2288 intra
1618 2264 1677 2297 pa-

105 2317 219 2351 rietes
252 2316 523 2351 crassiusculos
560 2320 598 2350 et
634 2316 864 2359 gelatinosos
891 2316 1041 2350 facilius
1068 2316 1298 2357 diffluentes,
1326 2314 1556 2357 majusculas
1583 2313 1677 2346 dice-

105 2387 186 2410 rem
213 2379 250 2410 et
275 2387 408 2410 omnes
434 2376 648 2416 interiores;
677 2376 822 2410 cellulis
849 2376 957 2410 strati
984 2375 1211 2418 peripherici
1238 2374 1443 2417 conspicue
1463 2374 1675 2406 minoribus

106 2436 234 2479 plures
273 2435 389 2469 series
428 2435 688 2479 superpositas
727 2436 997 2478 generantibus
1036 2446 1105 2468 sua
1131 2437 1321 2468 structura
1347 2434 1483 2467 (luctus
1510 2432 1676 2475 speciem

105 2497 171 2529 aut
197 2494 367 2529 Curdieae
394 2498 459 2528 aut
485 2495 701 2529 Gracilariae
727 2496 882 2529 affinem
910 2495 1182 2538 suspicandum
1210 2494 1410 2534 videretur,
1446 2502 1675 2534 quamquam

106 2554 292 2596 habitum,
320 2554 582 2597 magnitudine
611 2555 754 2589 frondis
782 2558 819 2588 et
845 2555 968 2588 colore
995 2555 1232 2588 fuscescente
1258 2552 1478 2596 speciminis
1511 2551 1677 2585 conside-

106 2616 188 2647 rato
215 2614 308 2648 alias
335 2613 542 2647 affinitates
568 2614 652 2656 quis
679 2614 829 2648 facilius
856 2614 1072 2657 conjiceret.

249 2673 411 2706 Demum
437 2683 526 2707 vero
553 2673 828 2716 speciminibus
855 2684 877 2707 a
903 2673 1023 2715 Laing
1049 2684 1095 2706 ex
1123 2673 1229 2706 Nova
1248 2671 1427 2705 Zelandia
1448 2670 1574 2704 missis
1595 2674 1676 2702 tum

105 2732 300 2775 specimen
339 2742 556 2775 comparare
594 2733 701 2767 licuit
739 2733 859 2776 magis
899 2733 1018 2766 senile
1057 2735 1169 2774 atque
1205 2742 1412 2771 congruum
1445 2740 1530 2763 cum
1558 2739 1601 2761 eo
1628 2728 1675 2761 ab

106 2791 316 2833 Engelhart
353 2794 441 2825 ante
479 2802 599 2826 annos
638 2792 767 2836 misso,
805 2795 887 2826 tum
920 2791 1024 2825 aliud
1050 2791 1149 2834 quod
1178 2791 1299 2834 prima
1326 2790 1406 2824 vice
1433 2789 1675 2822 observatum

106 2850 275 2894 juvenile
313 2851 456 2894 putavi,
495 2854 533 2885 et
569 2851 689 2885 multo
725 2851 863 2893 minus,
891 2851 992 2893 quod
1018 2861 1106 2884 vero
1133 2849 1344 2883 accuratius
1371 2849 1607 2881 observatam
1637 2846 1674 2879 in
