1779 3068
742 96 1066 140 GRAOILARIAE.
1604 104 1680 144 101

118 214 413 270 complanatae
448 214 590 269 magis
623 213 853 269 elongatis,
889 229 914 256 a
946 229 1139 270 quarum
1174 217 1320 260 forma
1361 218 1686 274 platycystidca

120 299 299 341 quoque
331 286 526 328 formam
560 286 789 341 planatam
818 286 991 328 frondis
1016 287 1208 341 pendere
1232 293 1366 344 patet.
1418 290 1554 332 Prout
1578 291 1686 346 ipsae

117 356 288 400 cellulae
336 355 669 412 platycystideae
718 356 890 398 intimae
938 365 1015 398 aut
1062 360 1403 410 numerosiores,
1453 367 1531 402 aut
1576 361 1685 416 ipsae

118 427 261 483 magis
294 427 512 482 elongatae
545 430 808 469 excrescunt
840 427 1034 469 formam
1069 429 1239 471 frondis
1273 444 1452 484 quoque
1480 433 1682 485 generari

117 498 265 548 aliam,
299 499 546 554 intelligere
580 499 729 549 liceat3
765 503 898 554 prout
930 503 1081 541 autem
1114 499 1286 542 intimae
1319 501 1386 543 hae
1420 501 1684 543 cellularum

118 570 245 625 quasi
279 570 466 612 axilium
499 571 634 612 series
667 570 855 626 paginas
889 584 1043 612 versus
1077 570 1350 625 obteguntur
1378 572 1548 614 cellulis
1571 573 1683 623 aliis,

118 655 199 683 sua
231 641 375 683 forma
411 641 552 696 magis
585 640 1057 695 rotundato-angulata
1097 641 1413 696 dignoscendis
1446 668 1501 672 -
1535 644 1686 685 crassi—

118 711 223 754 tiem
274 712 447 754 frondis
487 712 756 768 augentibus
789 738 847 742 —
879 726 1058 767 quoque
1098 712 1292 754 formam
1325 713 1499 755 frondis
1534 728 1685 769 prove-

116 783 213 825 nire
260 783 395 825 aliam
443 797 623 839 quoque
672 787 804 839 patet.
870 783 961 825 Nec
1009 784 1205 825 formam
1252 784 1426 826 frondis
1469 785 1513 825 in
1557 784 1683 827 Grac.

117 854 361 897 cervicorni
395 853 481 896 alio
515 854 648 896 modo
682 868 707 896 a
741 853 983 909 Speciebus
1016 854 1159 909 magis
1187 854 1380 909 planatis
1405 855 1487 897 sub
1510 856 1685 910 generis

116 925 254 967 Podei
298 925 491 975 differre,
537 925 742 967 lubenter
781 939 961 980 quoque
995 939 1282 967 assumerem.
1348 926 1497 980 Ipsam
1532 931 1683 969 autem

115 996 233 1039 hanc
266 996 567 1038 differentiam
601 997 648 1038 in
688 997 814 1039 Grac.
851 997 1082 1039 cervicorni
1113 997 1208 1038 fieri
1236 1011 1415 1052 quoque
1439 997 1525 1038 alio
1550 997 1682 1040 modo

117 1072 309 1118 auctam,
354 1082 425 1110 me
468 1068 728 1110 observasse
761 1067 930 1123 putavi.
997 1067 1058 1110 Ut
1089 1067 1135 1109 in
1171 1067 1427 1123 Subgenere
1460 1068 1546 1110 alio
1580 1068 1684 1110 Gra-

116 1138 278 1181 cilariae
311 1139 492 1181 cellulas
525 1139 708 1181 intimas
740 1138 914 1180 frondis
948 1139 1139 1180 formam
1164 1153 1391 1181 assumere
1415 1139 1520 1189 vidi,
1548 1154 1684 1194 quain

117 1210 512 1266 plectocystideam
545 1209 660 1261 dixi3
710 1210 772 1252 ita
805 1224 984 1265 quoque
1017 1210 1252 1264 analogam
1288 1210 1445 1251 formae
1479 1210 1685 1252 differen-

114 1281 224 1324 tiam
257 1281 519 1324 cellularum
552 1282 775 1323 interioris
808 1281 980 1323 frondis
1013 1281 1225 1323 obvenire
1259 1281 1304 1322 in
1339 1282 1414 1323 Gr.
1440 1281 1682 1331 cer-vieorm’,

115 1367 217 1395 cum
253 1353 350 1394 aliis
382 1353 521 1394 Podei
554 1352 796 1408 Speciebus
830 1358 1100 1407 comparata,
1136 1366 1363 1394 assumere
1397 1366 1532 1393 ausus
1567 1366 1680 1402 sum,

117 1424 151 1466 si
187 1438 366 1479 quoque
399 1424 516 1465 inter
560 1423 738 1479 Species
771 1423 905 1465 Podei
941 1423 1163 1478 ejusmodi
1197 1422 1498 1464 differentiam
1533 1423 1682 1464 minus

118 1495 407 1550 conspicuam
442 1495 549 1545 fieri,
584 1494 921 1550 agnoscendum
954 1494 1174 1548 adparuit.

264 1566 323 1609 Ut
355 1566 571 1607 nimirum
604 1566 650 1607 in
684 1565 794 1608 serie
839 1565 1111 1620 Specierum,
1147 1579 1258 1619 quas
1293 1564 1557 1606 Sub-Genus
1592 1564 1685 1606 Plo-

115 1638 246 1680 cariae
295 1637 564 1679 constituere
612 1637 780 1692 putavi,
832 1636 1009 1691 Species
1057 1636 1302 1678 obveniant
1349 1635 1477 1690 quasi
1524 1640 1683 1690 typum

117 1708 200 1750 sibi
250 1709 481 1764 proprium
531 1708 749 1757 sistentes,
799 1707 845 1748 in
894 1707 1058 1762 quibus
1104 1706 1273 1748 cellulae
1308 1706 1477 1747 intimae
1512 1706 1682 1748 frondis

117 1779 360 1821 directione
396 1780 581 1834 paginas
614 1793 769 1821 versus
803 1779 997 1820 dilatatae
1030 1778 1285 1826 obveniant,
1321 1790 1423 1832 quae
1458 1791 1562 1819 vero
1590 1777 1682 1819 suis

117 1851 362 1907 parietibus
404 1851 614 1893 flexuosis
661 1850 839 1905 proprio
885 1849 1015 1890 inodo
1057 1853 1151 1890 tum
1185 1852 1551 1903 contorquentur,
1587 1853 1684 1889 tum

120 1926 276 1963 mutua
323 1921 552 1977 pressione
593 1921 676 1963 sub
715 1921 933 1962 adultiore
966 1925 1094 1962 aetate
1127 1933 1393 1974 compressae
1426 1918 1682 1973 adpareant,

116 1993 179 2035 ita
211 2007 391 2048 quoque
424 1993 539 2035 inter
571 1993 741 2035 formas
775 1992 978 2047 planatas
1013 1991 1311 2033 SubGeneris
1342 1989 1476 2032 Podei
1500 2016 1556 2018 —
1580 2004 1683 2044 qua-

116 2078 218 2106 rum
266 2064 447 2107 cellulas
493 2064 739 2114 interiores,
790 2063 917 2119 quasi
967 2067 1155 2105 stratum
1205 2062 1320 2103 axile
1363 2061 1684 2102 constituentes

116 2137 219 2193 jam
244 2136 299 2178 ab
333 2136 460 2177 initio
493 2136 688 2177 formam
722 2149 950 2177 assumere
984 2148 1121 2189 quam
1152 2132 1486 2188 platycystideis
1510 2131 1686 2173 charac-

115 2208 298 2250 tericam
345 2207 546 2262 judicavi
577 2232 636 2236 —
667 2206 885 2262 plurimas
934 2205 1112 2260 Species
1161 2204 1277 2245 hanc
1322 2204 1513 2244 formam
1555 2201 1684 2243 cellu-

117 2279 262 2321 larum
296 2278 499 2329 retinere,
535 2291 822 2333 quocumque
856 2275 1122 2319 evolutionis
1151 2274 1292 2316 stadio
1317 2273 1523 2314 frondem
1549 2277 1684 2314 trans-

118 2364 245 2393 verse
278 2354 445 2392 sectam
478 2349 715 2392 observare
748 2348 1001 2402 contingat;
1045 2346 1171 2388 aliter
1208 2349 1358 2386 autem
1393 2343 1571 2385 casdem
1606 2343 1685 2384 cel-

118 2420 233 2463 lulas
275 2421 458 2463 intimas
501 2421 548 2462 in
589 2420 750 2463 Gracil.
786 2418 1030 2461 cervicorni
1065 2432 1136 2459 me
1169 2417 1427 2458 observasse
1463 2414 1592 2455 hodie
1626 2413 1685 2455 di-

118 2506 276 2535 cerem.
342 2492 387 2534 Si
435 2493 482 2534 in
530 2491 865 2547 speciminibus,
916 2490 961 2531 in
1012 2489 1175 2544 quibus
1219 2486 1420 2528 frondem
1459 2486 1682 2538 juniorem

121 2563 292 2619 Speciei
325 2577 638 2619 recognoscere
672 2562 841 2618 putavi,
886 2560 1066 2603 cellulas
1102 2560 1191 2600 sere
1226 2558 1306 2599 rite
1340 2555 1685 2612 platycystideas

119 2648 426 2690 agnoscerem;
476 2634 603 2677 aliter
651 2648 745 2676 esse
792 2630 1084 2688 judicandam
1125 2635 1394 2671 structuram
1430 2627 1614 2682 Speciei,
1649 2626 1685 2667 si

93 2706 236 2762 ⁴hanc
284 2720 340 2748 ex
386 2705 483 2747 aliis
531 2704 853 2761 speciminibus
898 2728 955 2732 —-
997 2700 1212 2743 senilibus
1261 2704 1302 2740 et
1352 2697 1595 2740 fructiferis
1631 2722 1686 2726 -—

120 2777 270 2833 potius
299 2776 640 2832 intelligendam
674 2774 915 2831 putaveris.
972 2772 1103 2814 Hanc
1135 2772 1271 2826 igitur
1304 2773 1576 2811 structuram
1608 2781 1686 2822 pro

121 2852 249 2890 aetate
297 2852 340 2891 et
386 2848 655 2892 evolutionis
700 2845 843 2901 gradu
884 2844 1025 2900 ipsius
1060 2843 1223 2898 plantae
1254 2866 1312 2871 ——
1346 2854 1465 2882 nunc
1498 2839 1686 2894 junioris
