1779 3068
88 96 144 137 92
712 87 1039 129 GRAOILARIAE.

87 215 156 254 51.
229 211 312 252 GR.
349 209 580 249 CURTISIAE
614 206 659 249 J.
694 206 775 259 Ay.
812 204 939 246 Bidr.
974 204 1072 258 Azy.
1110 204 1219 258 Syst.
1253 205 1339 246 IV.
1367 219 1414 258 p.
1451 208 1505 247 61
1525 203 1577 260 ³⁸).

644 322 754 347 *²⁸³²*
793 323 947 377 Stipite
986 323 1167 377 frondis
1206 323 1425 377 praelonyo
1473 325 1525 365 ab
1572 323 1661 366 ima

791 395 884 437 basi
931 394 1237 448 anyustissima
1283 394 1436 436 sensim
1478 394 1665 436 dilatato

792 467 837 508 in
869 466 1073 520 frondem
1117 465 1285 519 Zonyius
1329 469 1561 515 cuneatum,
1596 479 1661 507 su-

782 552 915 592 perne
946 537 1267 590 palmatifidam
1304 537 1528 590 segmentis
1552 551 1663 589 pau-

790 609 851 652 cis
881 609 1019 662 magis
1050 608 1287 650 linearibus
1313 607 1570 661 flabellatim
1603 607 1663 649 di-

789 679 1051 734 veryentibus
1073 679 1140 721 liis
1161 693 1235 720 suo
1259 679 1407 720 ordine
1429 682 1504 720 aut
1527 678 1663 720 dicho-

794 751 916 794 tomis
968 755 1044 793 aut
1092 750 1294 803 pluribus
1350 749 1667 803 adproximatis

786 824 1027 877 palmatam
1074 821 1389 875 dispositionem
1435 821 1664 863 mentienti-

793 896 879 946 bus,
923 894 1118 947 apicibus
1160 895 1465 947 seymentorum
1510 893 1667 934 obtusis

793 991 851 995 ——
882 980 994 1008 nune
1038 964 1087 1006 in
1126 964 1279 1017 fronde
1317 964 1442 1006 senili-
1474 965 1527 1006 ab
1558 963 1664 1017 infe-

88 1115 250 1158 gendam
290 1112 432 1156 putavi,
471 1116 585 1154 atque
623 1110 686 1144 Gr.
715 1110 888 1144 Curtisiae
927 1108 1205 1152 disponendam
1243 1118 1391 1142 censeo.
1443 1107 1540 1140 Mihi
1574 1116 1669 1140 vero>

87 1174 141 1207 ita
165 1172 351 1216 judicanti
379 1172 425 1205 de
452 1172 523 1205 hac
548 1171 680 1214 planta
706 1170 918 1211 Okamurae,
957 1179 1027 1202 nec
1052 1169 1214 1201 formam
1241 1167 1387 1200 frondis
1413 1177 1483 1200 nec
1509 1166 1666 1200 cellulas

87 1233 287 1267 interiores
326 1242 419 1274 quas
458 1230 633 1274 depinxit
667 1229 846 1271 Suringar
878 1229 931 1262 ita
963 1230 1215 1270 congruentes
1242 1226 1337 1260 mihi
1363 1226 1595 1269 adparuisse,
1623 1228 1666 1259 ut

88 1293 135 1326 de
173 1292 373 1325 identitate
409 1290 608 1332 utriusque
646 1290 786 1332 plantae
813 1290 958 1321 certum
983 1287 1168 1330 judicium
1196 1287 1294 1319 ferre
1321 1287 1510 1319 auderem.
1562 1285 1667 1319 Hinc

89 1352 272 1395 Speciem,
300 1351 371 1384 sub
409 1349 565 1383 nomine
604 1348 737 1382 eodem
776 1348 907 1380 forsan
947 1346 1098 1389 Species
1134 1345 1303 1379 diversas
1335 1345 1538 1385 velantem,
1565 1345 1668 1378 inter

89 1410 241 1454 Species
280 1410 393 1444 hodie
432 1411 602 1451 receptas
642 1409 902 1441 enumeratam
942 1405 1063 1444 nolui;
1092 1416 1250 1448 sperans
1277 1405 1358 1438 fore
1385 1408 1427 1438 ut
1452 1405 1524 1438 hoc
1551 1404 1665 1437 modo

88 1471 214 1511 dubia,
242 1480 325 1513 quae
352 1469 489 1511 adsint,
516 1468 797 1501 illustrarentur
822 1466 985 1500 facilius.

233 1529 267 1571 ³¹)
292 1530 401 1562 Hanc
441 1538 524 1562 esse
564 1527 735 1570 Speciem
774 1526 833 1559 sui
871 1526 967 1569 juris
1000 1528 1037 1559 et
1063 1524 1201 1558 certius
1229 1535 1251 1557 a
1276 1525 1355 1557 suis
1383 1523 1556 1566 proxime
1583 1533 1661 1557 con-

88 1590 276 1624 formibus
303 1589 535 1628 distinctam,
562 1586 673 1621 novis
700 1586 824 1620 allatis
861 1584 1147 1628 speciminibus,
1174 1595 1196 1617 a
1222 1584 1320 1618 D:na
1344 1584 1433 1617 Hall
1461 1583 1555 1616 mihi
1581 1582 1667 1615 mis-

87 1650 152 1691 sis,
180 1650 305 1683 adhuc
332 1647 547 1682 evidentius
574 1646 770 1680 convictus
797 1645 869 1684 fui;
912 1644 1175 1686 magnitudine
1209 1646 1246 1677 et
1278 1642 1538 1677 habitualibus
1565 1641 1666 1676 notis

89 1709 211 1751 magis
250 1708 556 1751 Rhodymeniam
596 1706 814 1749 palmatam,
854 1715 967 1746 quam
1002 1704 1072 1737 Rh.
1100 1702 1390 1746 multipartitam
1428 1702 1588 1735 eandem
1614 1711 1667 1734 re-

89 1769 188 1802 ferre
227 1768 341 1801 hodie
379 1767 556 1806 dicerem,
595 1764 871 1808 speciminibus
911 1774 1012 1797 nunc
1050 1765 1129 1796 fere
1161 1762 1491 1805 sesquipedalibus
1526 1764 1564 1794 et
1589 1770 1667 1802 seg-

89 1827 230 1861 mentis
257 1826 458 1860 latitudine
484 1824 841 1868 ultrapollicaribus‚
869 1824 953 1856 aliis
981 1823 1101 1865 magis
1128 1822 1199 1855 rite
1223 1822 1420 1865 palmatim
1438 1820 1663 1859 subdivisis;

89 1887 243 1920 extimis
270 1887 350 1919 suis
377 1885 584 1928 segmentis
611 1884 820 1918 incurvatis
848 1883 1025 1925 utrinque
1059 1881 1278 1922 attenuatis,
1317 1881 1400 1914 aliis
1427 1891 1542 1923 supra
1568 1880 1666 1913 fron-

89 1947 148 1980 dis
175 1947 307 1980 basem
334 1948 534 1979 cuneatam
562 1947 599 1977 et
624 1954 789 1986 superne
808 1943 847 1975 in
866 1942 1048 1976 laminam
1067 1941 1161 1975 3—-4
1179 1941 1335 1984 pollices
1354 1940 1481 1977 latam,
1501 1949 1668 1983 superne

88 2006 307 2040 bi-trifidam
335 2005 491 2046 suisque
516 2004 665 2037 laciniis
692 2014 714 2036 a
739 2003 822 2036 basi
850 2003 926 2036 lata
952 2013 1103 2035 sursum
1138 2001 1250 2043 longe
1276 2000 1483 2033 attenuatis
1510 1999 1666 2032 instruc-

90 2069 180 2105 tam,
208 2076 308 2098 nunc
334 2065 419 2107 (sub
444 2064 595 2106 juniore
622 2062 747 2103 aetate)
781 2062 1046 2095 tenuissimam
1079 2065 1116 2094 et
1143 2061 1483 2099 membranaceam,
1511 2059 1666 2092 demum

90 2124 395 2167 Rhodymeniam
436 2123 643 2166 palmatam
682 2121 853 2155 crassitie
892 2124 930 2154 et
967 2121 1146 2154 firmitate
1185 2119 1278 2162 quin
1317 2119 1434 2151 immo
1471 2117 1668 2151 evidenter

90 2187 346 2227 superantem.
399 2184 499 2216 Dum
525 2182 599 2215 alia
625 2181 835 2225 specimina
862 2180 977 2214 habui
1005 2180 1393 2222 2——3-polychotoma,
1421 2181 1458 2211 et
1485 2177 1565 2210 suis
1584 2176 1669 2209 laci-

90 2244 164 2277 niis
192 2243 278 2277 latis
305 2243 501 2283 instructa,
529 2242 603 2275 alia
629 2241 723 2274 mihi
750 2241 956 2274 adfuerunt
982 2240 1102 2273 multo
1130 2238 1361 2281 angustiora,
1395 2240 1432 2270 et
1458 2238 1538 2279 haec
1565 2246 1669 2278 saepe

91 2303 201 2337 novis
238 2303 378 2336 foliolis
406 2313 428 2335 a
454 2302 689 2344 marginibus
727 2300 990 2343 prolificantia,
1018 2300 1110 2332 dum
1137 2298 1321 2332 nonnulla
1346 2300 1473 2339 (quam
1501 2295 1669 2329 maxime

90 2362 289 2405 juvenilia)
326 2362 404 2396 vidi
444 2372 560 2404 supra
594 2361 814 2394 inferiorem
851 2371 959 2393 suam
988 2362 1133 2402 partem
1161 2357 1533 2392 cuneato-dilatatam
1560 2355 1667 2398 apice

92 2422 132 2455 in
158 2422 266 2455 lobos
295 2422 387 2454 2-3
414 2421 683 2454 obtusissimos
710 2420 964 2460 terminatam,
984 2419 1168 2462 plurimos
1188 2418 1352 2451 dicerem
1372 2416 1667 2459 palnmtisectos,

91 2481 298 2523 segmentis
327 2481 447 2515 acutis
474 2484 511 2514 et
538 2481 577 2513 in
603 2481 765 2513 formam
792 2479 1042 2513 lanceolatam
1069 2488 1171 2520 saepe
1190 2475 1447 2510 tendentibus.
1493 2474 1667 2508 Colorem

92 2541 232 2583 plantae
271 2541 470 2574 exsiccatae
506 2541 553 2573 ad
591 2550 823 2582 purpureum
852 2539 1070 2572 tendentem
1100 2537 1193 2575 vidi;
1222 2536 1362 2579 plantae
1389 2534 1520 2568 senilis
1547 2543 1668 2575 usque

93 2603 420 2642 atropurpureum.
473 2600 549 2632 Sub
587 2599 747 2642 juvenili
787 2601 897 2631 aetate
933 2597 1144 2640 specimina
1174 2596 1252 2629 vidi
1279 2595 1419 2628 chartae
1446 2604 1579 2636 parum
1607 2592 1667 2625 ad-

93 2659 293 2698 hzerentia3
337 2670 425 2692 mox
469 2659 657 2692 adultiora
695 2658 906 2701 specimina
943 2668 1011 2690 sua
1050 2655 1266 2689 substantia
1304 2653 1549 2695 cartilaginea
1588 2652 1669 2684 fere

93 2719 221 2751 onmia
248 2719 366 2752 libera
391 2722 429 2752 et
454 2718 700 2761 rigidiuscula
726 2720 966 2760 permanent;
1007 2716 1099 2758 quin
1127 2716 1244 2748 immo
1279 2714 1350 2746 Rh.
1377 2713 1581 2755 palmatam
1610 2711 1666 2743 fir-

95 2778 263 2819 miorem,
291 2778 462 2811 crassitie
490 2781 527 2811 et
552 2778 732 2811 firmitate
759 2776 990 2820 superantia.
