1779 3068
761 94 1051 134 ENDOGENIA.
1605 98 1683 136 115

120 214 335 252 racterein
385 210 667 256 Genericuin,
719 210 934 265 plurimos
983 211 1220 253 hodiernos
1264 214 1579 267 Systematicos
1612 227 1680 267 ag-

123 293 304 322 noscere
339 281 504 334 putavi.

120 666 229 718 IXq
273 667 352 718 De
390 666 733 727 ENDOGEN1A‚
764 667 977 718 Genese
1013 685 1177 729 novo,
1207 686 1237 718 a
1269 686 1356 719 mc
1384 669 1678 737 descripto,

172 760 224 806 at
256 755 444 823 quoad
475 755 772 806 affinitates
804 755 993 816 dubio,
1027 757 1429 807 commentaria
1462 773 1622 808 nova.

260 916 517 957 Meminisse
550 915 694 970 placet
728 929 797 957 me
830 916 891 968 (in
924 917 1053 958 Amcl.
1089 917 1224 969 Alqol.
1266 918 1381 958 Cont.
1418 918 1499 958 IV.
1532 933 1573 970 2).
1604 918 1678 967 552)

117 986 171 1028 de
203 987 348 1028 forma
380 986 588 1041 quadam,
625 986 734 1027 mihi
770 1000 898 1032 nova,
933 986 1203 1027 mentionem
1231 987 1380 1033 fuisse,
1407 1000 1542 1040 (luam
1566 986 1681 1028 inter

117 1057 295 1113 Species
344 1058 588 1111 Mychodece
636 1061 768 1098 antea
815 1056 1016 1111 cognitas
1058 1056 1329 1097 intellectam
1363 1057 1498 1098 luisse
1532 1057 1678 1097 forsan

116 1142 368 1183 supponere
402 1128 564 1177 liceret,
599 1141 735 1182 quam
771 1141 874 1169 vero
907 1127 1003 1182 ipse
1036 1127 1062 1168 l.
1087 1140 1122 1168 c.
1147 1127 1343 1181 typicam
1380 1127 1532 1180 putavi
1565 1141 1680 1169 novo

116 1198 291 1248 Generi,
326 1198 446 1253 quod
486 1197 817 1240 characteribus
856 1197 912 1239 ab
945 1198 1043 1251 ipsa
1075 1202 1296 1239 structura
1329 1196 1499 1238 frondis
1532 1197 1681 1252 petitis

115 1269 377 1311 distinctum
412 1269 579 1323 putavi,
615 1273 659 1309 at
692 1267 746 1309 de
779 1268 909 1322 cujus
942 1267 1161 1309 affinitate
1185 1267 1388 1309 dubitare
1412 1272 1677 1322 opporteret,

114 1345 269 1396 utpote
310 1340 475 1394 ignotis
519 1339 720 1394 partibus
757 1338 1128 1386 fructificationis,
1163 1337 1326 1380 certius
1361 1338 1590 1393 quoddam
1625 1338 1679 1380 de

116 1411 336 1454 affinitate
376 1410 595 1466 judicium
641 1410 858 1451 hodierno
898 1415 1096 1464 tempore
1130 1410 1245 1450 ferre
1279 1423 1369 1450 non
1403 1409 1544 1454 licere,
1580 1423 1677 1451 con-

114 1482 334 1524 fitendum
384 1482 496 1523 mihi
544 1481 764 1536 adparuit.
835 1480 903 1522 Ob
952 1480 1266 1534 congruentias
1315 1479 1532 1534 quasdam
1581 1484 1676 1521 tum

113 1554 307 1602 habitus,
341 1557 435 1594 tum
472 1557 703 1594 structurae
738 1551 923 1597 frondis,
959 1551 1112 1593 Genus
1135 1565 1161 1592 a
1184 1565 1254 1592 me
1286 1550 1530 1592 indicatum
1563 1564 1677 1605 pone

114 1626 376 1679 Ilffychodeas
407 1623 681 1665 enumeravi.

257 1694 506 1750 Specimen,
542 1693 661 1749 quod
697 1694 832 1748 hujus
866 1692 1031 1748 plantae
1066 1692 1249 1733 unicum
1289 1705 1340 1732 eo
1371 1696 1572 1746 tempore
1605 1691 1678 1732 ha.-

112 1766 203 1816 bui,
238 1766 391 1808 sistere
424 1765 623 1820 plantam
658 1765 775 1806 ultra
807 1763 1024 1818 pedalem,
1066 1763 1222 1805 habitu
1256 1763 1347 1804 fere
1386 1763 1678 1805 Gracilariam

117 1837 468 1892 Confervoz'deam
500 1836 766 1877 referentem
803 1835 908 1883 dixi,
938 1840 983 1876 at
1014 1834 1105 1889 jam
1141 1834 1237 1888 ipsa
1270 1833 1556 1875 consistentia
1589 1846 1676 1873 ma-

112 1908 179 1963 gis
226 1907 474 1963 gelatinosa
521 1906 693 1948 frondis
725 1906 860 1946 —in
910 1905 1111 1960 partibus
1158 1904 1412 1959 junioribus
1452 1903 1676 1957 praecipue

112 1979 354 2034 conspicua
384 2004 443 2007 —
476 1977 751 2019 differentias
798 1977 1070 2018 indicantem
1123 1975 1297 2024 monui;
1341 1980 1382 2016 et
1415 1975 1598 2028 insuper
1630 1974 1676 2014 in

112 2049 211 2106 ipsa
243 2054 465 2091 structura
498 2048 668 2090 frondis
701 2053 859 2103 typum
894 2047 1080 2089 omnino
1114 2046 1340 2088 diversum
1383 2044 1675 2100 przebentem:

111 2125 155 2163 et
199 2120 284 2162 hac
330 2133 510 2175 quoque
558 2119 748 2161 ducente
797 2123 1020 2160 structura
1062 2118 1215 2158 Genus
1257 2130 1372 2171 pone
1407 2114 1677 2170 Mychodeas

111 2191 393 2241 enumeravi;
442 2190 559 2232 inter
606 2204 718 2245 quas
769 2189 970 2244 plantam
1021 2187 1250 2243 quandam
1295 2201 1320 2228 a
1363 2185 1560 2227 Sondero
1595 2184 1677 2239 pri-

111 2263 247 2304 mitus
296 2261 577 2317 descriptam,
629 2274 766 2316 quam
810 2275 911 2302 cum
954 2264 1107 2302 nostra
1144 2259 1294 2300 forsan
1328 2255 1676 2312 comparandam

111 2333 280 2389 putavi,
315 2347 341 2374 a
373 2332 558 2387 Harvey
589 2333 831 2387 relegatam
865 2331 1005 2373 fuisse
1039 2334 1274 2372 constaret.

252 2404 414 2446 Postea
453 2404 758 2458 fragmentum
797 2402 934 2444 habui
969 2402 1146 2457 plantae,
1181 2401 1310 2455 cujus
1345 2398 1470 2453 quasi
1505 2397 1675 2439 caulem

111 2474 407 2530 principalem
442 2474 534 2517 vidi
568 2475 730 2516 referre
759 2473 954 2516 eundem
978 2473 1240 2528 adspectum
1264 2468 1674 2515 Gracilarioideum,

112 2559 249 2600 quem
297 2545 462 2600 plantae
507 2550 670 2588 nost-rae
709 2544 1117 2586 characteristicum
1152 2542 1307 2598 putavi
1340 2566 1397 2570 —-
1431 2540 1465 2581 si
1499 2551 1676 2597 quoque

111 2616 401 2668 consistentia
445 2616 673 2671 paulisper
715 2616 910 2657 firmiore
944 2615 1091 2670 potius
1125 2627 1361 2656 carnosum
1395 2624 1531 2666 quam
1564 2608 1676 2663 gela-

111 2687 307 2728 tinosum
358 2686 550 2728 dicerem
584 2713 641 2717 —
673 2687 794 2729 hunc
834 2699 939 2728 vero
972 2685 1144 2727 caulem
1178 2683 1382 2739 pluribus
1415 2681 1521 2722 locis
1555 2679 1676 2720 emit-

111 2752 281 2799 tentem
324 2757 561 2800 fasciculos
604 2757 879 2799 ramulorum
915 2756 1078 2811 plures,
1114 2768 1225 2809 quos
1258 2752 1434 2794 facilius
1467 2750 1567 2804 quis
1601 2762 1676 2802 pu-

111 2832 224 2870 taret
277 2828 431 2870 sistere
484 2829 687 2884 caespites
748 2827 911 2883 plantae
965 2825 1150 2868 omnino
1204 2824 1407 2870 diversae,
1462 2820 1675 2861 nimirum
