1779 3068
118 91 175 131 90
740 89 1067 132 GRAOILARIAE.

703 205 782 229 *²³⁶*
817 208 1008 250 Frondis
1048 208 1217 264 inferne
1253 211 1462 253 cuneatim
1494 212 1685 255 dilatata>

814 280 1035 333 seymentz's
1066 280 1194 333 quasi
1221 295 1325 334 vaye
1339 283 1461 337 fissis
1483 283 1685 337 frondem

815 350 952 404 muyis
1002 351 1317 407 palmatifidam
1373 354 1682 406 mentientibus,

814 436 927 464 nunc
982 436 1141 478 quoque
1184 423 1350 477 phyllis
1401 426 1685 479 conformibus

814 493 1000 545 (demum
1032 508 1190 547 quoque
1222 495 1489 548 lanceolam)
1522 511 1549 538 a
1574 511 1684 540 mar·

813 564 912 618 yine
943 564 1191 607 &coeuntibus
1222 570 1402 608 auctam.

111 657 181 698 50.
254 656 337 700 GR.
373 672 590 699 CUNEA'PA
624 659 797 701 Areseh.
819 657 869 713 ²¹²).

110 825 271 858 Mueller
309 825 447 865 missis,
487 837 570 869 quae
603 827 651 860 ad
681 828 774 861 East
800 827 933 861 Coasts
960 828 1076 862 Novae
1103 828 1292 863 Zelandiae
1318 829 1415 863 lecta
1440 830 1479 863 in
1507 831 1680 873 Speciem

110 884 250 917 dictam
289 885 369 918 suis
408 886 690 920 characteribus
729 887 955 929 quadrantia
987 887 1081 921 mihi
1120 888 1387 931 adparuerunt.
1438 890 1484 922 In
1515 890 1576 923 his
1602 900 1680 933 seg-

111 946 241 977 menta
280 944 460 987 primaria
497 946 643 979 frondis
683 950 844 980 cuneata
882 946 971 989 vidi,
1010 947 1050 980 in
1088 947 1258 990 stipitem
1291 951 1350 982 sat
1375 951 1528 982 tenuem
1556 949 1682 983 decur-

111 1003 244 1044 rentia,
282 1014 446 1046 superne
478 1016 579 1039 nunc
605 1005 698 1048 quin
724 1006 841 1039 immo
870 1006 1043 1048 pollicem
1070 1006 1147 1040 lata
1173 1009 1210 1040 et
1236 1007 1314 1040 fere
1341 1008 1539 1050 palmatim
1565 1011 1679 1050 secta,

110 1061 258 1096 laciniis
297 1074 399 1097 nunc
438 1065 709 1105 conformibus,
749 1065 888 1108 saepius
927 1076 1016 1099 vero
1052 1069 1095 1099 ut
1124 1066 1351 1108 elongantur
1376 1067 1614 1110 angustiores
1642 1068 1682 1101 in

111 1121 275 1155 formam
303 1122 483 1156 linearem
512 1127 549 1157 et
575 1124 645 1158 rite
666 1124 923 1158 dichotomam
942 1125 1142 1164 abeuntes;
1170 1126 1377 1167 segmentis
1396 1126 1456 1160 his
1475 1126 1681 1161 linearibus

108 1180 203 1214 3-4
239 1181 359 1215 lineas
398 1183 484 1216 latis
523 1194 624 1217 nunc
657 1184 861 1227 conspicue
896 1184 1022 1227 apices
1050 1195 1183 1219 versus
1210 1185 1427 1222 attenuatis,
1455 1186 1562 1228 apice
1588 1197 1679 1220 vero

109 1240 193 1282 ipso
231 1241 371 1283 saepius
410 1242 558 1276 obtuso.
611 1243 827 1285 Specimina
859 1244 1056 1277 fructifera
1081 1244 1158 1277 vidi
1186 1244 1402 1278 substantia
1428 1245 1547 1287 magis
1575 1246 1680 1279 carti-

107 1299 267 1341 laginea,
307 1310 391 1334 raro
429 1304 557 1334 tamen
591 1301 661 1335 rite
692 1302 1018 1345 purpurascentia,
1046 1303 1209 1345 plurima
1233 1303 1355 1346 (quasi
1381 1304 1608 1347 decolorata)
1633 1315 1680 1338 ex

108 1359 219 1392 viridi
259 1360 523 1403 fuscescentia,
558 1361 621 1395 vix
660 1362 904 1404 cartilaginea
929 1362 1104 1403 dicerem,
1132 1363 1258 1405 potius
1285 1363 1364 1396 fere
1390 1364 1680 1398 membranacea

107 1420 146 1452 at
172 1418 289 1452 firma.
335 1420 455 1462 Supra
481 1420 583 1463 ipsas
611 1421 769 1463 paginas
795 1421 1031 1464 cystocarpia
1049 1432 1252 1455 numerosa
1270 1422 1419 1456 sessilia
1437 1433 1531 1465 vage
1549 1434 1682 1466 sparsa

107 1480 145 1510 et
171 1478 398 1520 adparenter
424 1479 581 1521 globosa
606 1480 696 1514 vidi.
822 1480 825 1481 ⁷

251 1536 284 1578 ²²²)
310 1538 387 1572 Sub
426 1539 580 1573 nomine
620 1539 691 1573 GR.
720 1549 921 1573 GUNEATAE
953 1540 1097 1574 Are'sch.
1136 1541 1176 1574 in
1217 1541 1381 1585 Epicrisi
1419 1545 1679 1576 enumeratam

108 1596 280 1639 Speciem
319 1608 366 1630 ex
405 1599 689 1632 Pernambuceo
729 1601 947 1640 memoravi,
984 1603 1023 1633 at
1049 1600 1101 1633 ita
1128 1611 1262 1643 parum
1289 1602 1361 1635 hoc
1387 1604 1557 1644 tempore
1583 1601 1679 1635 mihi

106 1656 307 1698 cognitam,
335 1660 377 1691 ut
403 1658 546 1691 nullam
574 1658 747 1701 ejusdem
774 1659 975 1701 diagnosin
1001 1670 1156 1693 exarare
1182 1671 1297 1694 ausus
1323 1660 1408 1694 sim.
1452 1661 1561 1694 Hanc
1588 1671 1677 1694 vero

105 1719 238 1759 postea
276 1719 358 1750 tum
396 1717 436 1750 in
474 1717 605 1760 planta
641 1717 802 1761 juniore,
835 1729 948 1760 quam
985 1728 1031 1751 ex
1059 1719 1237 1753 Mauritio
1264 1719 1554 1762 provenientem
1584 1719 1679 1753 mihi

105 1776 209 1808 misit
248 1776 404 1818 Farlow,
443 1780 525 1810 tum
565 1777 604 1810 in
643 1777 893 1811 adultioribus
933 1778 1026 1811 mihi
1067 1789 1113 1811 ex
1152 1778 1262 1812 India
1297 1779 1522 1812 occidentali
1549 1779 1677 1812 missis

104 1836 449 1877 recognoscendam
476 1837 618 1879 putavi,
647 1837 785 1879 quibus
813 1838 1041 1871 examinatis
1074 1838 1244 1881 Speciem
1272 1838 1331 1872 sui
1356 1838 1464 1881 juris,
1491 1839 1678 1872 affinitate

105 1895 150 1928 ad
179 1905 253 1935 eas,
281 1906 374 1937 quas
402 1896 515 1929 hodie
542 1897 915 1939 Rhodymenioideas
943 1897 1022 1930 dixi
1043 1897 1384 1940 adproximandam
1411 1908 1678 1940 recognoscen-

104 1954 191 1987 dam
219 1955 362 1997 putavi.

248 2014 448 2057 Specimen
474 2016 574 2057 quod
601 2016 768 2049 maxime
793 2017 962 2059 juvenile
990 2017 1067 2049 vidi
1093 2016 1153 2059 (ex
1180 2016 1374 2057 Mauritio)
1398 2020 1456 2050 est
1474 2027 1543 2050 sua
1561 2017 1678 2059 longi-

103 2074 236 2107 tudine
276 2075 354 2107 fere
393 2075 607 2118 3-pollicare
640 2079 677 2108 et
713 2076 847 2109 fronde
873 2076 1072 2109 subsessili
1098 2076 1177 2118 jam
1204 2076 1251 2109 ab
1278 2076 1355 2109 ima
1381 2076 1462 2109 basi
1490 2076 1677 2109 latissima

96 2137 142 2166 >at
180 2133 358 2167 deorsum
398 2135 589 2167 cuneatim
629 2138 834 2176 attenuata,
874 2135 1004 2178 stipite
1040 2135 1192 2178 proprio
1229 2135 1292 2168 vix
1320 2135 1678 2178 conspicuo3se1ni-

103 2193 274 2235 pollicari
302 2204 417 2236 supra
443 2194 572 2227 basem
601 2195 782 2228 distantia
808 2195 1036 2235 dichotoma,
1064 2198 1224 2236 utroque
1251 2198 1448 2236 segmento
1476 2194 1677 2228 latitudine

102 2253 278 2295 pollicem
318 2254 396 2286 fere
435 2257 609 2296 aequante
647 2254 687 2287 in
719 2265 788 2288 sua
822 2257 928 2297 parte
959 2254 1149 2293 inferiore,
1177 2257 1216 2287 at
1242 2254 1354 2296 paulo
1382 2254 1557 2296 superius
1584 2254 1677 2296 quin

101 2312 219 2345 immo
258 2312 497 2346 latitudinem
538 2314 887 2356 sesquipollicarem
927 2314 1153 2355 attingente3
1201 2313 1361 2355 singulis
1402 2313 1463 2346 his
1502 2313 1675 2356 partibus

102 2381 171 2404 suo
199 2372 331 2405 ordine
358 2374 548 2405 cuneatim
576 2373 664 2406 dein
698 2373 890 2416 expausis,
923 2377 962 2406 at
987 2383 1152 2415 superne
1178 2373 1225 2405 ad
1251 2372 1574 2415 polychotomiam
1602 2372 1676 2406 evi-

102 2431 235 2464 denter
274 2432 520 2465 tcndentibus
558 2433 611 2475 (in
649 2433 719 2465 hoc
745 2432 954 2475 specimine
982 2432 1105 2465 adhuc
1133 2432 1258 2464 minus
1286 2430 1465 2473 evoluto);
1494 2431 1534 2464 in
1560 2432 1676 2474 speci-

101 2490 204 2524 mine
244 2502 332 2524 11010
371 2492 484 2534 paulo
523 2492 708 2525 adultiore
735 2492 909 2525 frondem
938 2491 1015 2525 vidi
1042 2491 1311 2533 angustiorem,
1339 2490 1499 2532 singulis
1526 2490 1673 2524 laciniis

101 2550 171 2583 rite
199 2551 380 2591 cuneatis,
409 2551 550 2584 infimis
578 2552 697 2593 magis
725 2552 772 2584 ad
800 2551 1006 2593 palmatam
1033 2550 1262 2584 divisionem
1290 2550 1547 2590 tendentibus
1567 2560 1675 2593 supe-

101 2610 262 2643 rioribus
290 2610 438 2644 inferne
464 2611 704 2650 dichotomis‚
732 2610 910 2644 omnibus
937 2620 1025 2644 vero
1045 2609 1104 2642 his
1123 2619 1232 2642 secus
1252 2608 1673 2651 margines'superiores

100 2672 139 2705 in
180 2669 296 2711 ligula
334 2670 479 2703 ambitu
512 2670 705 2713 paulisper
740 2669 956 2712 inaequales,
992 2671 1186 2702 truncatas
1214 2671 1279 2701 aut
1306 2668 1353 2701 ad
1379 2668 1540 2701 formam
1568 2668 1675 2702 obco-

101 2728 223 2761 nicam
266 2732 303 2762 at
341 2729 536 2762 sinuosam
576 2729 776 2762 tendentes
815 2729 898 2761 sine
935 2728 1066 2761 ordine
1100 2727 1196 2760 bene
1223 2727 1429 2769 conspicuo
1456 2737 1477 2760 a
1504 2727 1673 2769 margine

100 2788 380 2829 provenientes.
432 2787 657 2831 Conjunctis
696 2788 756 2821 his
796 2787 1077 2821 characteribus
1117 2786 1287 2829 Speciem
1325 2786 1383 2819 sui
1414 2786 1509 2828 juris
1537 2786 1576 2819 111
1602 2786 1672 2819 hac

100 2846 223 2879 forma
261 2847 455 2880 lubentius
494 2857 820 2889 recognoscerem;
862 2849 900 2879 at
938 2848 1156 2889 comparato
1196 2848 1276 2878 tum
1314 2846 1528 2887 fragmento
1555 2849 1673 2889 cysto-
