1779 3068
759 97 1078 141 GRAGILARIAE.
1645 101 1696 140 151

419 215 596 257 Tmssus
629 215 706 257 III.
771 216 925 258 Dum.
989 217 1232 258 Frondz'um
1278 217 1414 258 ‘ramis
1460 217 1507 259 in
1545 218 1698 270 planta

560 287 697 328 sterili
738 287 993 340 adparenter
1017 288 1118 340 plus
1149 287 1290 329 oremus
1320 302 1425 341 voye
1456 288 1702 330 dichotomis

559 361 596 398 el
628 357 816 398 omnibu-s
836 359 1207 411 subeonformilms,
1235 358 1279 399 in
1292 359 1529 413 fructifera
1544 360 1700 412 planta

560 429 723 469 demum
756 429 1161 482 cavi-tilayineo-dura
1198 430 1534 472 suhseemuratem
1567 431 1702 483 dispo-

558 498 664 547 sitis,
700 502 824 552 atque
856 499 902 540 in
938 500 1096 552 planta
1128 501 1505 555 splcoerospor‘zfera
1537 501 1700 553 adspec-

561 572 647 610 tum
679 569 1057 622 lyram-pinnatum
1081 570 1237 623 frondi
1268 570 1556 612 tribuentibus.

650 662 672 686 '³‘
708 663 874 716 Species
906 663 1231 706 mediterrmzefe.

135 761 200 801 10.
273 758 357 800 GR.
393 773 519 799 DURA
561 758 604 800 G.
630 758 711 811 Ay.
743 758 837 812 (Gr.
864 759 973 799 dura
1001 759 1163 811 partim
1198 760 1241 801 J.
1269 760 1348 812 Ay.
1374 760 1520 813 Epicr.
1553 761 1701 815 quoad

276 829 412 884 plant.
449 828 838 883 mediterraneam)
865 828 916 883 ss).

131 949 304 983 dixisset.
348 950 393 982 In
421 960 496 982 uno
523 948 731 991 specimine
759 949 821 982 Gr.
841 949 1047 991 Fergusoni
1068 950 1304 992 cystocarpia
1323 950 1551 992 paucissima
1570 962 1700 993 sparsa

132 1008 209 1042 vidi
238 1009 337 1041 int'ra
362 1008 528 1041 ramulos
555 1018 751 1050 supremos
780 1008 914 1041 obtuse
941 1008 1188 1051 acuminatos,
1216 1012 1254 1041 at
1281 1020 1356 1041 non
1383 1009 1435 1042 ita
1459 1014 1700 1043 conservabis

135 1071 175 1101 ut
202 1068 248 1101 de
274 1070 463 1101 structura
489 1071 629 1101 certam
656 1067 875 1110 opinionem
903 1068 1070 1110 proferre
1097 1067 1286 1100 auderem.

279 1126 311 1169 ²³²)
336 1127 391 1160 De
430 1125 642 1160 Gracilaria
677 1126 782 1167 (lura,
814 1127 964 1169 qualem
992 1127 1113 1170 prima
1142 1127 1222 1160 vice
1249 1138 1269 1160 a
1296 1127 1334 1161 O.
1365 1128 1515 1169 Agardh
1544 1128 1702 1171 descrip-

133 1190 223 1227 tam,
260 1197 306 1220 ex
344 1186 619 1220 mediterraneo
655 1187 955 1229 provenientem,
987 1189 1024 1220 et
1050 1186 1201 1219 eximiis
1229 1187 1508 1220 characteribus
1537 1188 1702 1221 habitua-

129 1245 229 1279 li'ous
255 1246 456 1288 insignem,
484 1245 557 1279 sibi
584 1246 771 1288 cognitam
801 1246 1017 1279 habuerunt
1038 1246 1222 1288 Algologi,
1243 1247 1357 1279 talem
1376 1246 1510 1279 sistere
1532 1247 1703 1289 Speciem

130 1306 228 1339 bene
261 1305 492 1345 distinctam,
526 1308 564 1338 at
597 1305 636 1338 in
673 1305 851 1338 omnibus
879 1306 957 1338 fere
984 1305 1135 1338 oceanis
1163 1306 1443 1347 obvenientem,
1471 1306 1613 1339 nemini
1641 1307 1703 1339 du-

130 1365 234 1398 bium
263 1365 393 1405 fuisse,
421 1365 596 1398 lubenter
622 1375 865 1397 assumerem.
919 1365 995 1398 Nec
1027 1365 1104 1398 scio
1131 1376 1180 1398 an
1208 1365 1357 1398 cuidam
1385 1366 1423 1398 in
1453 1369 1617 1398 mentem
1647 1377 1703 1399 ve-

132 1424 230 1457 nerit
262 1434 480 1466 comparare
513 1426 740 1457 structuram
770 1424 986 1478 interiorem
1015 1424 1160 1457 frondis
1189 1424 1228 1457 in
1255 1425 1398 1465 formis,
1426 1435 1519 1467 quas
1548 1428 1703 1458 externe

131 1483 345 1517 simillimas
384 1494 510 1517 coram
549 1483 774 1516 habuerunt.
827 1483 951 1516 Hodie
990 1483 1147 1516 detectis
1185 1484 1466 1517 characteribus
1493 1487 1702 1523 structurae,

130 1553 225 1584 quos
259 1542 298 1575 in
333 1542 415 1575 aliis
449 1542 654 1585 Speciebus
688 1542 854 1575 offerunt
882 1542 1032 1585 Species
1060 1542 1275 1577 Gracilariae
1304 1543 1461 1576 Generis
1489 1543 1581 1581 aliae,
1610 1543 1703 1576 mihi

127 1612 279 1644 quoque
317 1601 585 1644 inquirendum
626 1601 801 1644 adparuit
838 1612 937 1634 anne
976 1602 1201 1635 obvenirent
1228 1602 1400 1644 quzedam
1429 1605 1626 1635 structurae
1653 1602 1704 1635 di-

131 1662 330 1695 versitates
358 1662 396 1694 in
423 1661 710 1704 speciminibus,
747 1672 828 1703 quae
856 1672 902 1694 ex
930 1661 1090 1695 diversis
1118 1661 1278 1695 Oceanis
1307 1662 1400 1694 mihi
1429 1662 1629 1694 adfuerunt
1658 1662 1703 1694 ad

135 1719 202 1755 Gr.
228 1720 360 1754 (Iuram
399 1731 548 1763 quoque
587 1721 729 1759 relatae3
768 1723 805 1754 et
830 1721 901 1754 hac
928 1721 1027 1754 facta
1054 1721 1346 1763 comparatione,
1375 1732 1451 1754 non
1480 1721 1584 1763 potui
1613 1721 1703 1763 quin

129 1790 375 1823 assumerem,
415 1780 541 1823 plures
581 1780 731 1823 Species
771 1783 807 1813 et
846 1781 929 1822 ipsa
966 1791 1035 1814 sua
1074 1781 1252 1813 interiore
1286 1783 1475 1813 structura
1501 1780 1704 1822 conspicue

131 1839 300 1873 diversas
328 1839 367 1872 in
394 1840 453 1873 his
480 1840 612 1873 formis
640 1840 765 1873 latere.
819 1840 855 1873 Si
884 1840 1053 1882 Speciem
1083 1851 1128 1873 ex
1157 1840 1250 1873 mari
1279 1840 1385 1882 nigro
1404 1840 1702 1882 proxenientem,

130 1899 204 1932 sub
231 1899 385 1933 nomine
414 1898 522 1932 Grac.
551 1898 749 1933 Durvilloei
776 1899 1007 1937 distinctam,
1035 1910 1056 1932 a
1083 1899 1360 1933 mediterranea
1386 1899 1515 1942 planta
1542 1899 1605 1933 vix
1631 1899 1703 1932 nisi

133 1958 296 2001 partium
337 1959 599 1999 magnitudine
638 1962 675 1992 et
712 1959 940 1992 evolutionis
976 1959 1091 2000 gradu
1126 1959 1313 1992 diversam
1350 1958 1529 1993 obvenire
1556 1969 1704 2000 quoque

132 2028 384 2057 assumerem3
422 2018 533 2061 longe
569 2018 677 2052 aliter
707 2018 753 2052 de
780 2018 913 2051 tormis
939 2018 1100 2052 diversis
1126 2018 1372 2061 judicandum
1400 2021 1583 2061 putarem,
1611 2028 1704 2060 quas

133 2076 173 2109 in
212 2076 295 2109 aliis
334 2077 496 2120 oceanis,
531 2077 676 2111 vicibus
703 2078 975 2121 perfungentes
1002 2080 1141 2112 nostrae
1171 2076 1235 2111 Gr.
1264 2077 1376 2120 dume,
1404 2077 1578 2111 lubenter
1604 2088 1703 2110 assu⁴

134 2146 287 2170 merem.

275 2196 499 2230 Accuratius
539 2197 652 2230 hodie
690 2197 759 2230 has
797 2198 939 2231 formas
976 2197 1222 2240 comparanti,
1253 2196 1346 2229 mihi
1373 2196 1702 2229 evidentissimum

132 2254 287 2297 quidem
326 2248 548 2298 adparuisse
586 2257 778 2297 confiteor,
812 2260 872 2290 sat
898 2257 1102 2299 conspicue
1129 2257 1298 2290 diversas
1327 2255 1478 2298 Species
1505 2255 1543 2287 in
1572 2256 1630 2287 his
1659 2255 1704 2288 la-

134 2316 223 2357 tere,
251 2325 480 2357 quamquam
507 2316 630 2349 forma
654 2316 801 2350 frondis
828 2316 1014 2350 exteriore
1041 2318 1079 2349 et
1105 2315 1390 2349 ramificationis
1415 2325 1545 2347 norma
1565 2314 1703 2346 eximie

133 2377 401 2416 congruentes;
429 2375 512 2417 ipsa
540 2385 626 2408 vero
653 2378 843 2409 structura
868 2375 1046 2409 interiore
1073 2375 1218 2408 frondis
1245 2376 1471 2416 comparata,
1502 2373 1539 2405 in
1558 2373 1703 2406 cellulis

135 2443 273 2476 nempe
311 2433 555 2468 interioribus
594 2435 739 2468 frondis
779 2435 871 2468 alias
910 2436 1051 2468 formas
1091 2434 1289 2467 observavi
1329 2436 1440 2475 atque
1477 2433 1529 2465 ita
1555 2434 1703 2474 quoque

133 2491 325 2525 diversam
351 2493 613 2536 dispositionis
640 2505 830 2534 normam;
864 2498 901 2528 et
927 2505 972 2528 ex
1001 2494 1060 2527 his
1087 2493 1382 2531 diversitatibus,
1410 2491 1521 2524 aliam
1549 2491 1640 2533 fieri,
1668 2495 1704 2524 ct

134 2551 423 2585 consistentiam
462 2553 607 2587 frondis
641 2556 678 2587 et
714 2554 952 2587 cohaerentiae
984 2554 1136 2586 modum
1166 2552 1370 2585 admodum
1397 2551 1589 2584 diversum
1616 2550 1702 2583 oriri

135 2610 284 2644 facilius
311 2611 405 2644 mihi
432 2622 655 2655 persuasum
682 2613 810 2646 habui.
862 2613 978 2646 Novis
1015 2613 1141 2654 itaque
1168 2610 1496 2644 observationibus
1523 2609 1703 2643 insistens

136 2670 308 2712 Speciem
347 2671 661 2705 mediterraneam
693 2675 774 2706 tum
808 2683 854 2705 ex
882 2672 1054 2705 orientali
1085 2690 1125 2694 »-
1153 2682 1197 2703 cx
1226 2670 1335 2702 India
1361 2680 1382 2702 a
1409 2669 1557 2709 Wright
1583 2679 1703 2711 repor-

135 2732 216 2762 tata
241 2749 284 2752 —
311 2732 393 2763 tum
420 2741 467 2763 ex
493 2731 716 2765 occidentali
744 2751 787 2755 —-
815 2732 862 2765 ad
889 2742 972 2764 oras
1000 2730 1117 2763 Indiae
1145 2728 1387 2761 occidentalis
1411 2731 1470 2761 sat
1489 2729 1705 2769 frequenter

136 2788 365 2822 obveniente
392 2808 434 2812 —
462 2789 680 2824 distinctam
720 2791 959 2824 considerare
998 2789 1110 2822 hodie
1149 2798 1274 2829 cog01·;
1316 2798 1544 2829 quamquam
1572 2798 1704 2820 omnes

136 2846 206 2881 has
233 2848 272 2881 in
307 2847 473 2892 Epicrisi
498 2850 546 2883 ad
572 2850 731 2883 eandem
764 2850 934 2892 Speciem
963 2859 1022 2882 me
1048 2848 1222 2881 retulisse
1250 2847 1421 2880 lubenter
1448 2846 1703 2881 confitendum
