1779 3068
1640 123 1715 162 131

153 234 410 277 mutilatum
444 235 595 288 habui,
620 235 802 276 nomine
833 235 1166 277 Halaraclmion
1180 236 1415 288 pinnatum
1439 237 1717 292 inscriptum,

151 305 526 348 animadvertenti
571 305 693 355 mihi,
741 310 1009 348 structuram
1056 310 1099 347 et
1141 307 1476 348 ramiticationis
1510 322 1717 349 normam

151 390 253 418 cum
287 375 588 431 Grateloupiis
621 376 782 418 offerre
815 376 1057 430 analogias,
1093 376 1295 431 Speciem
1331 377 1447 419 hanc
1480 392 1504 419 a
1530 378 1716 420 Holmes

150 447 334 488 nomine
372 447 660 500 Grateloupz‘ce
692 447 946 488 acu-minatae
978 445 1248 501 descriptam
1281 447 1419 489 fuisse
1453 452 1591 503 patet;
1634 449 1717 491 sub

151 530 240 572 quo
273 517 455 558 nomine
488 516 591 558 dein
625 516 828 571 Speciem
861 516 907 557 in
941 517 1038 570 Aly.
1064 517 1223 569 Japon.
1249 518 1442 559 escsieeat.
1467 520 1540 559 sub
1574 534 1640 559 nso
1662 524 1717 561 31

149 587 378 643 specimen
423 601 604 642 quoque
647 587 799 637 habui,
844 587 936 628 suis
970 587 1301 629 characteribus
1335 588 1526 642 propriis
1560 589 1718 631 melius

151 657 522 713 dignoscendum.
577 657 768 707 Qualem
802 671 907 699 vero
940 657 1142 713 plantam
1176 658 1237 699 ita
1270 672 1584 713 recognoscere
1618 659 1719 701 licu-

150 729 244 778 erit,
295 744 390 771 eam
441 729 707 784 neutiquam
755 729 909 770 sistere
951 728 1155 784 Speciem
1202 729 1516 784 Grateloupiae,
1552 730 1628 772 sed
1661 730 1717 771 ad

130 799 405 861 (Sectionem
447 799 571 841 illam
610 799 880 853 Halymem‘oe
913 798 1112 849 Generis,
1148 814 1283 855 quam
1318 800 1365 841 in
1401 801 1530 843 Amal.
1567 801 1716 854 Alyar.

151 871 183 913 I
202 886 249 924 p.
283 876 341 913 55
373 871 456 913 sub
490 870 672 912 nomine
706 870 1055 924 Acanthymem'oe
1087 869 1332 924 designavi,
1373 871 1503 926 cujus
1537 872 1715 927 Species

150 943 176 984 3
209 941 330 991 alias,
366 956 546 997 quoque
579 955 601 983 e
635 940 818 996 pacifico
853 939 1031 982 Oceano
1065 946 1195 991 ortas,
1230 941 1398 983 ibidem
1432 948 1716 985 enumeratas

150 1012 315 1054 videas.
371 1012 575 1053 Plantam
603 1012 748 1066 *igitur
780 1025 871 1052 non
904 1011 1107 1065 proxime
1141 1025 1242 1053 cum
1274 1011 1587 1055 Halarachniis
1611 1013 1714 1068 (qui-

150 1083 234 1126 bus
269 1083 372 1141 Hal.
397 1083 621 1136 bz'yulatam
655 1081 852 1136 typicam
887 1081 1064 1136 putavit
1096 1082 1310 1137 Kutzing)
1344 1084 1595 1132 convenire,
1632 1085 1715 1126 dic-

149 1159 246 1197 tum
281 1154 423 1205 volui;
458 1153 565 1208 quin
601 1153 740 1194 immo
775 1152 964 1194 eandem
999 1153 1147 1208 potius
1180 1167 1282 1195 cum
1320 1155 1489 1209 Halym.
1520 1155 1717 1197 Florism

149 1224 514 1280 comparandam,
565 1230 715 1266 tamen
763 1238 943 1279 quoque
984 1238 1066 1266 sua
1103 1224 1438 1266 ramificationis
1471 1240 1629 1267 norma
1660 1225 1716 1267 ab

147 1296 231 1338 hac
265 1295 508 1345 ‹liversam;
544 1294 648 1336 hinc
681 1295 945 1349 neutiquam
979 1295 1279 1350 Grateloupiae
1305 1295 1716 1350 Specie11],iitean·

149 1366 252 1409 dem
297 1380 398 1407 mea
437 1366 588 1407 forsan
631 1365 764 1421 culpa
808 1365 1133 1408 consideratam
1171 1366 1308 1408 fuisse
1341 1366 1519 1408 credere
1552 1368 1712 1417 liceret,

149 1437 282 1479 hodie
315 1437 361 1478 in
395 1450 446 1478 ea
480 1436 885 1492 recognoscendam
919 1450 1026 1487 esse,
1063 1436 1290 1478 monuisse
1323 1437 1478 1492 placet.

291 1580 332 1638 ᾧ)
369 1579 432 1621 De
479 1579 566 1620 alia
613 1579 780 1634 Specie,
824 1593 850 1620 a
896 1578 1083 1620 Holmes
1120 1579 1302 1620 nomine
1341 1579 1627 1632 Grateloupioe
1655 1580 1715 1633 yi-

146 1655 308 1705 9cmtece
338 1650 565 1705 insignita,
601 1664 738 1705 quam
773 1664 878 1691 vero
910 1649 966 1691 ab
1000 1663 1051 1691 eo
1084 1649 1286 1690 nondum
1327 1649 1594 1704 descriptam
1630 1665 1714 1692 me-

148 1722 274 1771 mini,
320 1722 403 1763 hoc
445 1721 540 1763 loco
574 1721 739 1763 dixisse
772 1721 916 1776 placet
948 1720 1137 1762 eandem
1173 1735 1253 1762 sua
1286 1725 1509 1772 structura
1542 1721 1716 1763 frondis

149 1792 261 1834 mihi
309 1792 370 1834 ita
417 1792 642 1835 diversam
691 1792 926 1834 obvenisse
974 1795 1023 1833 ut
1065 1791 1270 1833 frondem
1304 1792 1397 1833 fere
1431 1791 1714 1846 quadruplici

148 1868 285 1906 strato
333 1863 593 1905 cellularum
644 1863 1077 1905 anastomosantium
1122 1866 1374 1904 contextam
1418 1862 1621 1903 lubenter
1654 1862 1715 1903 di-

148 1949 313 1977 cerem:
348 1939 536 1976 stratum
571 1934 784 1975 nimirum
818 1934 1029 1975 intimum
1064 1933 1190 1975 adest
1223 1933 1396 1974 filorum
1437 1933 1715 1974 tenuissimo-

147 2020 262 2055 rum,
297 2019 396 2060 quae
430 2005 525 2047 sine
559 2004 714 2046 ordine
747 2005 860 2046 bene
893 2004 1136 2059 conspicuo
1176 2003 1371 2059 spatium
1406 2003 1615 2044 intimum
1649 2018 1716 2045 oc-

148 2081 283 2131 cupat
331 2081 398 2118 sat
445 2076 661 2132 amplum,
711 2076 759 2117 in
808 2090 897 2131 quo
939 2075 1026 2126 fila,
1067 2075 1162 2117 sine
1196 2075 1350 2116 ordine
1384 2075 1636 2129 conspicuo,
1673 2079 1716 2116 et

149 2147 348 2189 articulis
393 2151 489 2189 tum
533 2148 666 2202 paulo
700 2146 989 2202 longioribus,
1025 2151 1120 2188 tum
1155 2145 1433 2188 brevioribus
1467 2144 1715 2187 rotundatis

149 2218 391 2260 constituta
423 2218 654 2270 videntur;
688 2219 772 2260 hoc
806 2232 909 2261 vero
933 2222 1120 2260 stratum
1147 2217 1321 2258 filorum
1347 2216 1714 2257 tenuissimorum

149 2294 398 2331 extrorsum
448 2290 635 2345 paginas
683 2303 839 2332 versus
888 2289 1112 2344 obtegitur
1154 2287 1237 2329 filis
1278 2287 1410 2342 paulo
1445 2286 1717 2328 firmioribus

150 2364 191 2402 et
225 2359 478 2402 evidentius
512 2360 966 2410 anastomosantibus,
991 2374 1092 2415 quae
1125 2359 1367 2414 conjuncta
1400 2358 1533 2399 series
1567 2357 1716 2412 plures

151 2430 330 2472 efficere
362 2430 573 2472 videntur
602 2431 791 2479 filorum,
817 2435 1007 2473 stratum
1031 2431 1218 2472 interius
1241 2428 1586 2477 continentium
1622 2428 1719 2470 haec

151 2501 222 2542 fila
271 2501 386 2542 inter
434 2502 658 2556 margines
708 2502 881 2544 frondis
929 2501 1223 2549 excurrentia,
1275 2506 1318 2542 et
1359 2500 1441 2542 hac
1475 2499 1717 2541 directione

149 2572 285 2613 series
319 2577 386 2613 sat
414 2573 679 2626 conspicuas
702 2573 955 2622 efficientia,
981 2577 1115 2628 atque
1138 2573 1330 2615 invicem
1356 2570 1716 2612 anastomosibus

147 2643 304 2698 juncta
336 2647 524 2684 stratum
559 2643 804 2698 proprium,
840 2648 976 2685 totam
1010 2643 1217 2685 frondem
1252 2643 1499 2689 continens,
1544 2640 1712 2695 Speciei

150 2713 558 2756 characteristicum
592 2713 797 2755 lubenter
829 2713 1180 2767 considerarem;
1214 2718 1464 2755 extrorsum
1500 2712 1582 2752 hoc
1612 2715 1715 2751 stra—

149 2790 260 2834 tum,
295 2784 393 2825 aliis
425 2783 784 2826 anastomosibus
818 2798 921 2825 cum
954 2784 1232 2839 amplissimo
1265 2788 1401 2825 strato
1429 2782 1601 2823 filorum
1627 2794 1715 2822 cor·

149 2855 364 2904 ticalium‚
411 2859 660 2896 extrorsum
705 2854 992 2904 radiantium,
1036 2854 1408 2896 moniliformium
1448 2857 1490 2894 et
1522 2852 1714 2893 invicem
