<?xml version="1.0" encoding="UTF-8"?>
<!DOCTYPE html PUBLIC "-//W3C//DTD XHTML 1.0 Transitional//EN"
    "http://www.w3.org/TR/xhtml1/DTD/xhtml1-transitional.dtd">
<html xmlns="http://www.w3.org/1999/xhtml" xml:lang="en" lang="en">
 <head>
  <title>
</title>
<meta http-equiv="Content-Type" content="text/html;charset=utf-8" />
  <meta name='ocr-system' content='tesseract 3.04.00' />
  <meta name='ocr-capabilities' content='ocr_page ocr_carea ocr_par ocr_line ocrx_word'/>
</head>
<body>
  <div class='ocr_page' id='page_1' title='image "./speciesgeneraeto0304agar_0032.png"; bbox 0 0 1779 3068; ppageno 0'>
   <div class='ocr_carea' id='block_1_1' title="bbox 95 105 1063 150">
    <p class='ocr_par' dir='ltr' id='par_1_1' title="bbox 95 105 1063 150">
     <span class='ocr_line' id='line_1_1' title="bbox 95 105 1063 150; baseline -0.003 0"><span class='ocrx_word' id='word_1_1' title='bbox 95 110 147 150; x_wconf 76' lang='lat'>18</span> <span class='ocrx_word' id='word_1_2' title='bbox 689 105 1063 148; x_wconf 79' lang='lat' dir='ltr'>CALLOPHYLLIS.</span> 
     </span>
    </p>
   </div>
   <div class='ocr_carea' id='block_1_2' title="bbox 95 221 1343 279">
    <p class='ocr_par' dir='ltr' id='par_1_2' title="bbox 95 221 1343 279">
     <span class='ocr_line' id='line_1_2' title="bbox 95 221 1343 279; baseline -0.003 -11"><span class='ocrx_word' id='word_1_3' title='bbox 95 229 158 268; x_wconf 88' lang='lat'>11.</span> <span class='ocrx_word' id='word_1_4' title='bbox 231 225 340 266; x_wconf 80' lang='lat' dir='ltr'><strong>CAL.</strong></span> <span class='ocrx_word' id='word_1_5' title='bbox 376 239 561 266; x_wconf 76' lang='lat' dir='ltr'>TENERA</span> <span class='ocrx_word' id='word_1_6' title='bbox 596 224 640 267; x_wconf 88' lang='lat' dir='ltr'>J.</span> <span class='ocrx_word' id='word_1_7' title='bbox 676 223 756 277; x_wconf 76' lang='lat' dir='ltr'>Ay.</span> <span class='ocrx_word' id='word_1_8' title='bbox 792 224 862 278; x_wconf 81' lang='lat' dir='ltr'>(ex</span> <span class='ocrx_word' id='word_1_9' title='bbox 895 222 1007 265; x_wconf 86' lang='lat' dir='ltr'>Nov.</span> <span class='ocrx_word' id='word_1_10' title='bbox 1043 221 1343 279; x_wconf 68' lang='lat' dir='ltr'>Zelandia)*).</span> 
     </span>
    </p>
   </div>
   <div class='ocr_carea' id='block_1_3' title="bbox 95 316 900 372">
    <p class='ocr_par' dir='ltr' id='par_1_3' title="bbox 95 316 900 372">
     <span class='ocr_line' id='line_1_3' title="bbox 95 316 900 372; baseline -0.004 -10"><span class='ocrx_word' id='word_1_11' title='bbox 95 322 159 362; x_wconf 76' lang='lat'>112.</span> <span class='ocrx_word' id='word_1_12' title='bbox 232 320 341 361; x_wconf 75' lang='lat' dir='ltr'>CAL.</span> <span class='ocrx_word' id='word_1_13' title='bbox 375 333 647 360; x_wconf 74' lang='lat' dir='ltr'><strong>VARIEGATA</strong></span> <span class='ocrx_word' id='word_1_14' title='bbox 682 318 802 372; x_wconf 69' lang='lat' dir='ltr'>Bory</span> <span class='ocrx_word' id='word_1_15' title='bbox 820 316 900 372; x_wconf 62' lang='lat' dir='ltr'>²¹&lt;ss).</span> 
     </span>
    </p>
   </div>
   <div class='ocr_carea' id='block_1_4' title="bbox 93 410 1049 467">
    <p class='ocr_par' dir='ltr' id='par_1_4' title="bbox 93 410 1049 467">
     <span class='ocr_line' id='line_1_4' title="bbox 93 410 1049 467; baseline -0.003 -10"><span class='ocrx_word' id='word_1_16' title='bbox 93 417 158 457; x_wconf 82' lang='lat'>13.</span> <span class='ocrx_word' id='word_1_17' title='bbox 231 415 338 456; x_wconf 75' lang='lat' dir='ltr'>CAL.</span> <span class='ocrx_word' id='word_1_18' title='bbox 376 428 742 455; x_wconf 81' lang='lat' dir='ltr'>FLABELLULATA</span> <span class='ocrx_word' id='word_1_19' title='bbox 777 414 915 455; x_wconf 77' lang='lat' dir='ltr'>Harv.</span> <span class='ocrx_word' id='word_1_20' title='bbox 938 410 1049 467; x_wconf 73' lang='grc'>***).</span> 
     </span>
    </p>
   </div>
   <div class='ocr_carea' id='block_1_5' title="bbox 405 542 1715 1025">
    <p class='ocr_par' dir='ltr' id='par_1_5' title="bbox 405 542 1715 1025">
     <span class='ocr_line' id='line_1_5' title="bbox 405 542 1661 598; baseline -0.001 -12"><span class='ocrx_word' id='word_1_21' title='bbox 405 545 463 598; x_wconf 78' lang='lat'>††</span> <span class='ocrx_word' id='word_1_22' title='bbox 500 543 786 598; x_wconf 65' lang='lat' dir='ltr'>Cystocarpiis</span> <span class='ocrx_word' id='word_1_23' title='bbox 825 543 874 586; x_wconf 72' lang='lat' dir='ltr'>in</span> <span class='ocrx_word' id='word_1_24' title='bbox 905 543 1067 598; x_wconf 74' lang='lat' dir='ltr'>fronde</span> <span class='ocrx_word' id='word_1_25' title='bbox 1107 542 1180 585; x_wconf 73' lang='lat' dir='ltr'>vix</span> <span class='ocrx_word' id='word_1_26' title='bbox 1217 542 1345 585; x_wconf 73' lang='lat' dir='ltr'>aliter</span> <span class='ocrx_word' id='word_1_27' title='bbox 1376 547 1544 585; x_wconf 72' lang='lat' dir='ltr'>mutata</span> <span class='ocrx_word' id='word_1_28' title='bbox 1575 557 1661 585; x_wconf 80' lang='lat' dir='ltr'><em>evo-</em></span> 
     </span>
     <span class='ocr_line' id='line_1_6' title="bbox 496 609 1715 670; baseline -0.001 -13"><span class='ocrx_word' id='word_1_29' title='bbox 496 615 609 669; x_wconf 68' lang='lat' dir='ltr'>latis,</span> <span class='ocrx_word' id='word_1_30' title='bbox 643 618 689 656; x_wconf 78' lang='lat' dir='ltr'>at</span> <span class='ocrx_word' id='word_1_31' title='bbox 718 615 767 656; x_wconf 69' lang='lat' dir='ltr'>in</span> <span class='ocrx_word' id='word_1_32' title='bbox 799 618 913 656; x_wconf 76' lang='lat' dir='ltr'>certa</span> <span class='ocrx_word' id='word_1_33' title='bbox 942 615 1129 668; x_wconf 75' lang='lat' dir='ltr'>quadam</span> <span class='ocrx_word' id='word_1_34' title='bbox 1151 618 1189 656; x_wconf 73' lang='lat' dir='ltr'>et</span> <span class='ocrx_word' id='word_1_35' title='bbox 1209 613 1383 670; x_wconf 75' lang='lat' dir='ltr'>definita</span> <span class='ocrx_word' id='word_1_36' title='bbox 1396 619 1526 668; x_wconf 73' lang='lat' dir='ltr'>parte</span> <span class='ocrx_word' id='word_1_37' title='bbox 1537 615 1660 668; x_wconf 75' lang='lat' dir='ltr'>fron·</span> <span class='ocrx_word' id='word_1_38' title='bbox 1709 609 1715 613; x_wconf 69' lang='grc'><strong>’</strong></span> 
     </span>
     <span class='ocr_line' id='line_1_7' title="bbox 495 685 1663 739; baseline -0.001 -11"><span class='ocrx_word' id='word_1_39' title='bbox 495 687 563 728; x_wconf 65' lang='lat' dir='ltr'>dis</span> <span class='ocrx_word' id='word_1_40' title='bbox 601 690 763 728; x_wconf 77' lang='lat' dir='ltr'>tantum</span> <span class='ocrx_word' id='word_1_41' title='bbox 793 685 1140 739; x_wconf 71' lang='lat' dir='ltr'>provenientibus</span> <span class='ocrx_word' id='word_1_42' title='bbox 1178 689 1216 727; x_wconf 79' lang='lat' dir='ltr'>et</span> <span class='ocrx_word' id='word_1_43' title='bbox 1250 685 1520 739; x_wconf 72' lang='lat' dir='ltr'>subsinqulis,</span> <span class='ocrx_word' id='word_1_44' title='bbox 1554 699 1663 739; x_wconf 76' lang='lat' dir='ltr'>scepe</span> 
     </span>
     <span class='ocr_line' id='line_1_8' title="bbox 495 755 1660 811; baseline -0.002 -11"><span class='ocrx_word' id='word_1_45' title='bbox 495 758 621 811; x_wconf 65' lang='lat' dir='ltr'>quasi</span> <span class='ocrx_word' id='word_1_46' title='bbox 656 757 704 799; x_wconf 71' lang='lat' dir='ltr'>in</span> <span class='ocrx_word' id='word_1_47' title='bbox 741 771 873 799; x_wconf 75' lang='lat' dir='ltr'>unam</span> <span class='ocrx_word' id='word_1_48' title='bbox 904 757 1117 810; x_wconf 71' lang='lat' dir='ltr'>payinam</span> <span class='ocrx_word' id='word_1_49' title='bbox 1141 757 1358 810; x_wconf 67' lang='lat' dir='ltr'>praecipue</span> <span class='ocrx_word' id='word_1_50' title='bbox 1387 755 1660 798; x_wconf 71' lang='lat' dir='ltr'>intumescen-</span> 
     </span>
     <span class='ocr_line' id='line_1_9' title="bbox 495 827 1661 882; baseline -0.002 -11"><span class='ocrx_word' id='word_1_51' title='bbox 495 834 573 871; x_wconf 82' lang='lat' dir='ltr'>tem</span> <span class='ocrx_word' id='word_1_52' title='bbox 606 828 867 882; x_wconf 67' lang='lat' dir='ltr'>prov-tinulis</span> <span class='ocrx_word' id='word_1_53' title='bbox 907 832 945 870; x_wconf 77' lang='lat' dir='ltr'>et</span> <span class='ocrx_word' id='word_1_54' title='bbox 982 827 1248 882; x_wconf 68' lang='lat' dir='ltr'>subqlobosis,</span> <span class='ocrx_word' id='word_1_55' title='bbox 1282 827 1410 881; x_wconf 71' lang='lat' dir='ltr'>quasi</span> <span class='ocrx_word' id='word_1_56' title='bbox 1439 827 1661 880; x_wconf 66' lang='lat' dir='ltr'>superemi-</span> 
     </span>
     <span class='ocr_line' id='line_1_10' title="bbox 493 899 1662 954; baseline -0.003 -11"><span class='ocrx_word' id='word_1_57' title='bbox 493 904 615 943; x_wconf 72' lang='lat' dir='ltr'>nente</span> <span class='ocrx_word' id='word_1_58' title='bbox 650 904 778 954; x_wconf 72' lang='lat' dir='ltr'>parte</span> <span class='ocrx_word' id='word_1_59' title='bbox 819 899 958 942; x_wconf 69' lang='lat' dir='ltr'>sterili</span> <span class='ocrx_word' id='word_1_60' title='bbox 986 899 1158 951; x_wconf 72' lang='lat' dir='ltr'>frondis</span> <span class='ocrx_word' id='word_1_61' title='bbox 1189 903 1265 940; x_wconf 70' lang='lat' dir='ltr'>aut</span> <span class='ocrx_word' id='word_1_62' title='bbox 1294 899 1554 941; x_wconf 70' lang='lat' dir='ltr'>mueronatis</span> <span class='ocrx_word' id='word_1_63' title='bbox 1587 902 1662 940; x_wconf 78' lang='lat' dir='ltr'>aut</span> 
     </span>
     <span class='ocr_line' id='line_1_11' title="bbox 494 969 1520 1025; baseline -0.003 -11"><span class='ocrx_word' id='word_1_64' title='bbox 494 972 618 1025; x_wconf 72' lang='lat' dir='ltr'>quasi</span> <span class='ocrx_word' id='word_1_65' title='bbox 650 974 903 1014; x_wconf 68' lang='lat' dir='ltr'><em>excrescente</em></span> <span class='ocrx_word' id='word_1_66' title='bbox 933 970 1128 1024; x_wconf 71' lang='lat' dir='ltr'>maryz‘ne</span> <span class='ocrx_word' id='word_1_67' title='bbox 1160 970 1325 1012; x_wconf 74' lang='lat' dir='ltr'>dentato</span> <span class='ocrx_word' id='word_1_68' title='bbox 1358 969 1520 1012; x_wconf 68' lang='lat' dir='ltr'>cinctis.</span> 
     </span>
    </p>
   </div>
   <div class='ocr_carea' id='block_1_6' title="bbox 85 1136 1662 2899">
    <p class='ocr_par' dir='ltr' id='par_1_6' title="bbox 86 1136 1662 1597">
     <span class='ocr_line' id='line_1_12' title="bbox 232 1136 1661 1182; baseline -0.003 -9"><span class='ocrx_word' id='word_1_69' title='bbox 232 1138 264 1181; x_wconf 63' lang='lat' dir='ltr'>*j</span> <span class='ocrx_word' id='word_1_70' title='bbox 291 1139 463 1182; x_wconf 82' lang='lat' dir='ltr'>Speciem</span> <span class='ocrx_word' id='word_1_71' title='bbox 489 1139 606 1172; x_wconf 85' lang='lat' dir='ltr'>Novae</span> <span class='ocrx_word' id='word_1_72' title='bbox 632 1138 831 1180; x_wconf 79' lang='lat' dir='ltr'>Zelandiae,</span> <span class='ocrx_word' id='word_1_73' title='bbox 864 1138 936 1171; x_wconf 87' lang='lat' dir='ltr'>sub</span> <span class='ocrx_word' id='word_1_74' title='bbox 962 1137 1117 1171; x_wconf 89' lang='lat' dir='ltr'>nomine</span> <span class='ocrx_word' id='word_1_75' title='bbox 1147 1136 1182 1171; x_wconf 81' lang='grc' dir='ltr'>Ο,</span> <span class='ocrx_word' id='word_1_76' title='bbox 1211 1138 1340 1170; x_wconf 58' lang='lat' dir='ltr'>teneo-ce</span> <span class='ocrx_word' id='word_1_77' title='bbox 1366 1147 1388 1170; x_wconf 88' lang='lat' dir='ltr'>a</span> <span class='ocrx_word' id='word_1_78' title='bbox 1412 1146 1473 1169; x_wconf 90' lang='lat' dir='ltr'>me</span> <span class='ocrx_word' id='word_1_79' title='bbox 1500 1136 1661 1178; x_wconf 90' lang='lat' dir='ltr'>descrip-</span> 
     </span>
     <span class='ocr_line' id='line_1_13' title="bbox 86 1196 1662 1242; baseline -0.003 -10"><span class='ocrx_word' id='word_1_80' title='bbox 86 1202 165 1233; x_wconf 87' lang='lat' dir='ltr'>tam</span> <span class='ocrx_word' id='word_1_81' title='bbox 192 1210 212 1232; x_wconf 86' lang='lat' dir='ltr'>a</span> <span class='ocrx_word' id='word_1_82' title='bbox 240 1199 359 1241; x_wconf 86' lang='lat' dir='ltr'>magis</span> <span class='ocrx_word' id='word_1_83' title='bbox 386 1199 536 1241; x_wconf 77' lang='lat' dir='ltr'>cognita</span> <span class='ocrx_word' id='word_1_84' title='bbox 568 1196 604 1232; x_wconf 82' lang='lat' dir='ltr'>G.</span> <span class='ocrx_word' id='word_1_85' title='bbox 631 1198 818 1242; x_wconf 64' lang='lat' dir='ltr'>variegata</span> <span class='ocrx_word' id='word_1_86' title='bbox 848 1198 977 1231; x_wconf 85' lang='lat' dir='ltr'>forsan</span> <span class='ocrx_word' id='word_1_87' title='bbox 1004 1207 1101 1240; x_wconf 81' lang='lat' dir='ltr'>aegre</span> <span class='ocrx_word' id='word_1_88' title='bbox 1128 1196 1436 1239; x_wconf 87' lang='lat' dir='ltr'>dignoscendam,</span> <span class='ocrx_word' id='word_1_89' title='bbox 1464 1198 1598 1238; x_wconf 78' lang='lat' dir='ltr'>utpote</span> <span class='ocrx_word' id='word_1_90' title='bbox 1624 1197 1662 1228; x_wconf 90' lang='lat' dir='ltr'>et</span> 
     </span>
     <span class='ocr_line' id='line_1_14' title="bbox 86 1254 1662 1301; baseline -0.003 -9"><span class='ocrx_word' id='word_1_91' title='bbox 86 1259 220 1292; x_wconf 86' lang='lat' dir='ltr'>habitu</span> <span class='ocrx_word' id='word_1_92' title='bbox 256 1258 402 1291; x_wconf 85' lang='lat' dir='ltr'>frondis</span> <span class='ocrx_word' id='word_1_93' title='bbox 433 1262 470 1292; x_wconf 89' lang='lat' dir='ltr'>et</span> <span class='ocrx_word' id='word_1_94' title='bbox 496 1258 818 1301; x_wconf 85' lang='lat' dir='ltr'>cystocarpiorum</span> <span class='ocrx_word' id='word_1_95' title='bbox 845 1257 921 1291; x_wconf 89' lang='lat' dir='ltr'>situ</span> <span class='ocrx_word' id='word_1_96' title='bbox 948 1268 1033 1290; x_wconf 89' lang='lat' dir='ltr'>cum</span> <span class='ocrx_word' id='word_1_97' title='bbox 1063 1256 1194 1299; x_wconf 81' lang='lat' dir='ltr'><em>Specie</em></span> <span class='ocrx_word' id='word_1_98' title='bbox 1221 1255 1352 1290; x_wconf 87' lang='lat' dir='ltr'>oceani</span> <span class='ocrx_word' id='word_1_99' title='bbox 1380 1254 1526 1298; x_wconf 88' lang='lat' dir='ltr'>pacifici</span> <span class='ocrx_word' id='word_1_100' title='bbox 1555 1264 1662 1297; x_wconf 86' lang='lat' dir='ltr'>supe-</span> 
     </span>
     <span class='ocr_line' id='line_1_15' title="bbox 86 1314 1661 1361; baseline -0.003 -10"><span class='ocrx_word' id='word_1_101' title='bbox 86 1318 195 1351; x_wconf 86' lang='lat' dir='ltr'>rioris</span> <span class='ocrx_word' id='word_1_102' title='bbox 235 1318 477 1361; x_wconf 89' lang='lat' dir='ltr'>potissimum</span> <span class='ocrx_word' id='word_1_103' title='bbox 513 1320 797 1359; x_wconf 79' lang='lat' dir='ltr'><em>congruentem,</em></span> <span class='ocrx_word' id='word_1_104' title='bbox 830 1317 980 1350; x_wconf 79' lang='lat' dir='ltr'>facilius</span> <span class='ocrx_word' id='word_1_105' title='bbox 1007 1316 1137 1349; x_wconf 79' lang='lat' dir='ltr'>forsan</span> <span class='ocrx_word' id='word_1_106' title='bbox 1163 1316 1247 1358; x_wconf 88' lang='lat' dir='ltr'>quis</span> <span class='ocrx_word' id='word_1_107' title='bbox 1274 1318 1436 1358; x_wconf 86' lang='lat' dir='ltr'>putaret.</span> <span class='ocrx_word' id='word_1_108' title='bbox 1488 1314 1661 1357; x_wconf 81' lang='lat' dir='ltr'><em>Speciem</em></span> 
     </span>
     <span class='ocr_line' id='line_1_16' title="bbox 86 1373 1660 1419; baseline -0.002 -9"><span class='ocrx_word' id='word_1_109' title='bbox 86 1381 216 1411; x_wconf 89' lang='lat' dir='ltr'>tamen</span> <span class='ocrx_word' id='word_1_110' title='bbox 248 1377 467 1410; x_wconf 79' lang='lat' dir='ltr'>distinctam</span> <span class='ocrx_word' id='word_1_111' title='bbox 498 1376 681 1419; x_wconf 86' lang='lat' dir='ltr'>suspicor,</span> <span class='ocrx_word' id='word_1_112' title='bbox 709 1376 793 1419; x_wconf 89' lang='lat' dir='ltr'>ipsa</span> <span class='ocrx_word' id='word_1_113' title='bbox 818 1379 949 1409; x_wconf 91' lang='lat' dir='ltr'>tenera</span> <span class='ocrx_word' id='word_1_114' title='bbox 975 1375 1224 1409; x_wconf 83' lang='lat' dir='ltr'>consistentia</span> <span class='ocrx_word' id='word_1_115' title='bbox 1248 1374 1408 1417; x_wconf 77' lang='lat' dir='ltr'>frondis,</span> <span class='ocrx_word' id='word_1_116' title='bbox 1435 1373 1660 1416; x_wconf 88' lang='lat' dir='ltr'>laciniisque</span> 
     </span>
     <span class='ocr_line' id='line_1_17' title="bbox 86 1433 1661 1479; baseline -0.003 -8"><span class='ocrx_word' id='word_1_117' title='bbox 86 1437 351 1471; x_wconf 78' lang='lat' dir='ltr'>terminalibus</span> <span class='ocrx_word' id='word_1_118' title='bbox 378 1436 498 1478; x_wconf 79' lang='lat' dir='ltr'>magis</span> <span class='ocrx_word' id='word_1_119' title='bbox 525 1436 683 1477; x_wconf 85' lang='lat' dir='ltr'>obtusis,</span> <span class='ocrx_word' id='word_1_120' title='bbox 711 1439 748 1469; x_wconf 89' lang='lat' dir='ltr'>et</span> <span class='ocrx_word' id='word_1_121' title='bbox 774 1435 1020 1479; x_wconf 77' lang='lat' dir='ltr'>cystocarpiis</span> <span class='ocrx_word' id='word_1_122' title='bbox 1047 1438 1089 1468; x_wconf 82' lang='lat' dir='ltr'>ut</span> <span class='ocrx_word' id='word_1_123' title='bbox 1115 1437 1287 1478; x_wconf 83' lang='lat' dir='ltr'>putarem</span> <span class='ocrx_word' id='word_1_124' title='bbox 1314 1433 1536 1477; x_wconf 78' lang='lat' dir='ltr'>majoribus.</span> <span class='ocrx_word' id='word_1_125' title='bbox 1577 1433 1661 1476; x_wconf 87' lang='lat' dir='ltr'>Spe-</span> 
     </span>
     <span class='ocr_line' id='line_1_18' title="bbox 88 1493 1660 1532; baseline -0.003 -3"><span class='ocrx_word' id='word_1_126' title='bbox 88 1496 228 1530; x_wconf 89' lang='lat' dir='ltr'>cimina</span> <span class='ocrx_word' id='word_1_127' title='bbox 266 1496 382 1529; x_wconf 86' lang='lat' dir='ltr'>habui</span> <span class='ocrx_word' id='word_1_128' title='bbox 420 1499 502 1529; x_wconf 88' lang='lat' dir='ltr'>tum</span> <span class='ocrx_word' id='word_1_129' title='bbox 541 1506 587 1529; x_wconf 80' lang='lat' dir='ltr'>ex</span> <span class='ocrx_word' id='word_1_130' title='bbox 621 1496 729 1529; x_wconf 84' lang='lat' dir='ltr'>Nova</span> <span class='ocrx_word' id='word_1_131' title='bbox 755 1495 935 1528; x_wconf 87' lang='lat' dir='ltr'>Zelandia</span> <span class='ocrx_word' id='word_1_132' title='bbox 961 1497 998 1528; x_wconf 88' lang='lat' dir='ltr'>et</span> <span class='ocrx_word' id='word_1_133' title='bbox 1025 1494 1145 1528; x_wconf 84' lang='lat' dir='ltr'>South</span> <span class='ocrx_word' id='word_1_134' title='bbox 1173 1493 1357 1528; x_wconf 85' lang='lat' dir='ltr'>Shetland</span> <span class='ocrx_word' id='word_1_135' title='bbox 1382 1494 1475 1532; x_wconf 83' lang='lat' dir='ltr'>Ins.;</span> <span class='ocrx_word' id='word_1_136' title='bbox 1503 1495 1585 1526; x_wconf 86' lang='lat' dir='ltr'>tum</span> <span class='ocrx_word' id='word_1_137' title='bbox 1613 1502 1660 1525; x_wconf 84' lang='lat' dir='ltr'>ex</span> 
     </span>
     <span class='ocr_line' id='line_1_19' title="bbox 87 1555 418 1597; baseline -0.003 -8"><span class='ocrx_word' id='word_1_138' title='bbox 87 1557 163 1589; x_wconf 88' lang='lat' dir='ltr'>Ins.</span> <span class='ocrx_word' id='word_1_139' title='bbox 191 1555 418 1597; x_wconf 83' lang='lat' dir='ltr'>Kerguelen.</span> 
     </span>
    </p>

    <p class='ocr_par' dir='ltr' id='par_1_7' title="bbox 85 1611 1662 2610">
     <span class='ocr_line' id='line_1_20' title="bbox 233 1611 1661 1658; baseline -0.003 -10"><span class='ocrx_word' id='word_1_140' title='bbox 233 1614 289 1658; x_wconf 55' lang='grc' dir='ltr'>ΜΕ)</span> <span class='ocrx_word' id='word_1_141' title='bbox 316 1615 487 1658; x_wconf 77' lang='lat' dir='ltr'><em>Speciem</em></span> <span class='ocrx_word' id='word_1_142' title='bbox 520 1621 541 1648; x_wconf 88' lang='lat' dir='ltr'>a</span> <span class='ocrx_word' id='word_1_143' title='bbox 572 1615 672 1657; x_wconf 88' lang='lat' dir='ltr'>Bory</span> <span class='ocrx_word' id='word_1_144' title='bbox 707 1615 874 1658; x_wconf 89' lang='lat' dir='ltr'>primum</span> <span class='ocrx_word' id='word_1_145' title='bbox 909 1615 981 1648; x_wconf 83' lang='lat' dir='ltr'>sub</span> <span class='ocrx_word' id='word_1_146' title='bbox 1013 1613 1168 1647; x_wconf 90' lang='lat' dir='ltr'>nomine</span> <span class='ocrx_word' id='word_1_147' title='bbox 1204 1612 1353 1657; x_wconf 76' lang='lat' dir='ltr'>Halym.</span> <span class='ocrx_word' id='word_1_148' title='bbox 1381 1611 1577 1655; x_wconf 73' lang='lat' dir='ltr'>varieyaz‘oe</span> <span class='ocrx_word' id='word_1_149' title='bbox 1603 1611 1661 1644; x_wconf 89' lang='lat' dir='ltr'>de-</span> 
     </span>
     <span class='ocr_line' id='line_1_21' title="bbox 87 1670 1661 1718; baseline -0.003 -10"><span class='ocrx_word' id='word_1_150' title='bbox 87 1675 268 1718; x_wconf 76' lang='lat' dir='ltr'>scriptam</span> <span class='ocrx_word' id='word_1_151' title='bbox 304 1678 341 1708; x_wconf 91' lang='lat' dir='ltr'>et</span> <span class='ocrx_word' id='word_1_152' title='bbox 372 1678 415 1708; x_wconf 90' lang='lat' dir='ltr'>ut</span> <span class='ocrx_word' id='word_1_153' title='bbox 447 1675 638 1709; x_wconf 87' lang='lat' dir='ltr'>videretur</span> <span class='ocrx_word' id='word_1_154' title='bbox 663 1674 703 1707; x_wconf 87' lang='grc'>111</span> <span class='ocrx_word' id='word_1_155' title='bbox 730 1675 880 1708; x_wconf 84' lang='lat' dir='ltr'>Oceano</span> <span class='ocrx_word' id='word_1_156' title='bbox 906 1673 1064 1717; x_wconf 85' lang='lat' dir='ltr'>pacifico</span> <span class='ocrx_word' id='word_1_157' title='bbox 1091 1676 1173 1706; x_wconf 83' lang='lat' dir='ltr'>tum</span> <span class='ocrx_word' id='word_1_158' title='bbox 1199 1672 1395 1716; x_wconf 83' lang='lat' dir='ltr'><em>superiore</em></span> <span class='ocrx_word' id='word_1_159' title='bbox 1420 1671 1481 1715; x_wconf 84' lang='lat' dir='ltr'>(ad</span> <span class='ocrx_word' id='word_1_160' title='bbox 1508 1670 1661 1705; x_wconf 84' lang='lat' dir='ltr'>Califor-</span> 
     </span>
     <span class='ocr_line' id='line_1_22' title="bbox 87 1729 1662 1780; baseline -0.004 -12"><span class='ocrx_word' id='word_1_161' title='bbox 87 1734 204 1777; x_wconf 83' lang='lat' dir='ltr'>niam)</span> <span class='ocrx_word' id='word_1_162' title='bbox 240 1737 322 1768; x_wconf 90' lang='lat' dir='ltr'>tum</span> <span class='ocrx_word' id='word_1_163' title='bbox 360 1735 539 1768; x_wconf 87' lang='lat' dir='ltr'>inferiore</span> <span class='ocrx_word' id='word_1_164' title='bbox 575 1734 635 1776; x_wconf 84' lang='lat' dir='ltr'>(ad</span> <span class='ocrx_word' id='word_1_165' title='bbox 669 1744 752 1768; x_wconf 89' lang='lat' dir='ltr'>oras</span> <span class='ocrx_word' id='word_1_166' title='bbox 787 1731 1000 1776; x_wconf 81' lang='lat' dir='ltr'>Chilenses)</span> <span class='ocrx_word' id='word_1_167' title='bbox 1032 1743 1138 1775; x_wconf 77' lang='lat' dir='ltr'>aeque</span> <span class='ocrx_word' id='word_1_168' title='bbox 1165 1731 1446 1780; x_wconf 85' lang='lat' dir='ltr'>obvenientem,</span> <span class='ocrx_word' id='word_1_169' title='bbox 1474 1730 1558 1773; x_wconf 89' lang='lat' dir='ltr'>ipso</span> <span class='ocrx_word' id='word_1_170' title='bbox 1584 1729 1662 1763; x_wconf 88' lang='lat' dir='ltr'>situ</span> 
     </span>
     <span class='ocr_line' id='line_1_23' title="bbox 88 1789 1661 1837; baseline -0.004 -9"><span class='ocrx_word' id='word_1_171' title='bbox 88 1794 409 1837; x_wconf 87' lang='lat' dir='ltr'>cystocarpiorum</span> <span class='ocrx_word' id='word_1_172' title='bbox 435 1795 557 1836; x_wconf 85' lang='lat' dir='ltr'>(secus</span> <span class='ocrx_word' id='word_1_173' title='bbox 584 1793 774 1836; x_wconf 82' lang='lat' dir='ltr'>margines</span> <span class='ocrx_word' id='word_1_174' title='bbox 801 1793 886 1836; x_wconf 89' lang='lat' dir='ltr'>plus</span> <span class='ocrx_word' id='word_1_175' title='bbox 913 1793 1040 1826; x_wconf 89' lang='lat' dir='ltr'>minus</span> <span class='ocrx_word' id='word_1_176' title='bbox 1074 1792 1273 1833; x_wconf 86' lang='lat' dir='ltr'>dissectos)</span> <span class='ocrx_word' id='word_1_177' title='bbox 1303 1789 1661 1833; x_wconf 83' lang='lat' dir='ltr'>recognoscendam,</span> 
     </span>
     <span class='ocr_line' id='line_1_24' title="bbox 87 1848 1660 1896; baseline -0.004 -9"><span class='ocrx_word' id='word_1_178' title='bbox 87 1865 164 1887; x_wconf 89' lang='lat' dir='ltr'>non</span> <span class='ocrx_word' id='word_1_179' title='bbox 203 1856 352 1887; x_wconf 88' lang='lat' dir='ltr'>tantum</span> <span class='ocrx_word' id='word_1_180' title='bbox 390 1853 524 1887; x_wconf 82' lang='lat' dir='ltr'>habitu</span> <span class='ocrx_word' id='word_1_181' title='bbox 556 1853 714 1896; x_wconf 77' lang='lat' dir='ltr'>frondis,</span> <span class='ocrx_word' id='word_1_182' title='bbox 750 1853 816 1886; x_wconf 87' lang='lat' dir='ltr'>sed</span> <span class='ocrx_word' id='word_1_183' title='bbox 843 1853 957 1886; x_wconf 86' lang='lat' dir='ltr'>etiam</span> <span class='ocrx_word' id='word_1_184' title='bbox 985 1851 1236 1895; x_wconf 87' lang='lat' dir='ltr'>dispositione</span> <span class='ocrx_word' id='word_1_185' title='bbox 1262 1850 1585 1894; x_wconf 88' lang='lat' dir='ltr'>cystocarpiorum</span> <span class='ocrx_word' id='word_1_186' title='bbox 1613 1848 1660 1881; x_wconf 86' lang='lat' dir='ltr'>ad</span> 
     </span>
     <span class='ocr_line' id='line_1_25' title="bbox 87 1908 1660 1957; baseline -0.004 -10"><span class='ocrx_word' id='word_1_187' title='bbox 87 1914 214 1957; x_wconf 88' lang='lat' dir='ltr'>plures</span> <span class='ocrx_word' id='word_1_188' title='bbox 241 1914 394 1953; x_wconf 85' lang='lat' dir='ltr'>formas,</span> <span class='ocrx_word' id='word_1_189' title='bbox 421 1913 586 1947; x_wconf 88' lang='lat' dir='ltr'>invicem</span> <span class='ocrx_word' id='word_1_190' title='bbox 612 1923 726 1955; x_wconf 87' lang='lat' dir='ltr'>quam</span> <span class='ocrx_word' id='word_1_191' title='bbox 752 1912 926 1956; x_wconf 81' lang='lat' dir='ltr'>proxime</span> <span class='ocrx_word' id='word_1_192' title='bbox 952 1912 1087 1945; x_wconf 82' lang='lat' dir='ltr'>affines</span> <span class='ocrx_word' id='word_1_193' title='bbox 1115 1911 1291 1945; x_wconf 82' lang='lat' dir='ltr'><em>accedere</em></span> <span class='ocrx_word' id='word_1_194' title='bbox 1317 1912 1502 1953; x_wconf 88' lang='lat' dir='ltr'>putarem.</span> <span class='ocrx_word' id='word_1_195' title='bbox 1555 1908 1660 1951; x_wconf 82' lang='lat' dir='ltr'>Ejus-</span> 
     </span>
     <span class='ocr_line' id='line_1_26' title="bbox 87 1966 1662 2015; baseline -0.004 -8"><span class='ocrx_word' id='word_1_196' title='bbox 87 1973 190 2007; x_wconf 85' lang='lat' dir='ltr'>modi</span> <span class='ocrx_word' id='word_1_197' title='bbox 226 1973 320 2006; x_wconf 88' lang='lat' dir='ltr'>mihi</span> <span class='ocrx_word' id='word_1_198' title='bbox 359 1976 450 2006; x_wconf 84' lang='lat' dir='ltr'>sunt</span> <span class='ocrx_word' id='word_1_199' title='bbox 486 1973 609 2006; x_wconf 84' lang='lat' dir='ltr'>forma</span> <span class='ocrx_word' id='word_1_200' title='bbox 640 1972 824 2015; x_wconf 80' lang='lat' dir='ltr'>quaedam,</span> <span class='ocrx_word' id='word_1_201' title='bbox 852 1982 874 2005; x_wconf 92' lang='lat' dir='ltr'>a</span> <span class='ocrx_word' id='word_1_202' title='bbox 900 1972 1054 2014; x_wconf 82' lang='lat' dir='ltr'>Harvey</span> <span class='ocrx_word' id='word_1_203' title='bbox 1080 1971 1152 2004; x_wconf 85' lang='lat' dir='ltr'>sub</span> <span class='ocrx_word' id='word_1_204' title='bbox 1185 1970 1340 2003; x_wconf 90' lang='lat' dir='ltr'>nomine</span> <span class='ocrx_word' id='word_1_205' title='bbox 1370 1968 1406 2003; x_wconf 83' lang='lat' dir='ltr'>O.</span> <span class='ocrx_word' id='word_1_206' title='bbox 1425 1966 1662 2012; x_wconf 77' lang='lat' dir='ltr'>flabellulatae</span> 
     </span>
     <span class='ocr_line' id='line_1_27' title="bbox 87 2029 1660 2075; baseline -0.004 -9"><span class='ocrx_word' id='word_1_207' title='bbox 87 2032 300 2073; x_wconf 84' lang='lat' dir='ltr'>distributa,</span> <span class='ocrx_word' id='word_1_208' title='bbox 328 2033 376 2066; x_wconf 90' lang='lat' dir='ltr'>ad</span> <span class='ocrx_word' id='word_1_209' title='bbox 413 2032 681 2075; x_wconf 87' lang='lat' dir='ltr'>Esquimaulth</span> <span class='ocrx_word' id='word_1_210' title='bbox 720 2042 742 2065; x_wconf 91' lang='lat' dir='ltr'>a</span> <span class='ocrx_word' id='word_1_211' title='bbox 778 2032 822 2066; x_wconf 88' lang='lat' dir='ltr'>D.</span> <span class='ocrx_word' id='word_1_212' title='bbox 849 2031 955 2074; x_wconf 87' lang='lat' dir='ltr'>Lyall</span> <span class='ocrx_word' id='word_1_213' title='bbox 988 2031 1095 2072; x_wconf 87' lang='lat' dir='ltr'>lecta,</span> <span class='ocrx_word' id='word_1_214' title='bbox 1129 2032 1167 2063; x_wconf 86' lang='lat' dir='ltr'>et</span> <span class='ocrx_word' id='word_1_215' title='bbox 1193 2029 1302 2072; x_wconf 81' lang='lat' dir='ltr'>cujus</span> <span class='ocrx_word' id='word_1_216' title='bbox 1329 2029 1587 2071; x_wconf 85' lang='lat' dir='ltr'>fragmentum</span> <span class='ocrx_word' id='word_1_217' title='bbox 1613 2036 1660 2060; x_wconf 85' lang='lat' dir='ltr'>ex</span> 
     </span>
     <span class='ocr_line' id='line_1_28' title="bbox 86 2086 1659 2133; baseline -0.004 -8"><span class='ocrx_word' id='word_1_218' title='bbox 86 2092 203 2125; x_wconf 84' lang='lat' dir='ltr'>Herb.</span> <span class='ocrx_word' id='word_1_219' title='bbox 230 2093 453 2125; x_wconf 86' lang='lat' dir='ltr'>Haenkeano</span> <span class='ocrx_word' id='word_1_220' title='bbox 492 2102 513 2124; x_wconf 90' lang='lat' dir='ltr'>a</span> <span class='ocrx_word' id='word_1_221' title='bbox 551 2090 591 2125; x_wconf 81' lang='lat' dir='ltr'>O.</span> <span class='ocrx_word' id='word_1_222' title='bbox 619 2092 662 2125; x_wconf 87' lang='lat' dir='ltr'>A.</span> <span class='ocrx_word' id='word_1_223' title='bbox 690 2091 843 2133; x_wconf 83' lang='lat' dir='ltr'>Agardh</span> <span class='ocrx_word' id='word_1_224' title='bbox 882 2090 1037 2123; x_wconf 88' lang='lat' dir='ltr'>nomine</span> <span class='ocrx_word' id='word_1_225' title='bbox 1075 2088 1160 2133; x_wconf 73' lang='lat' dir='ltr'>Sph.</span> <span class='ocrx_word' id='word_1_226' title='bbox 1195 2087 1384 2122; x_wconf 77' lang='lat' dir='ltr'>Lamberti</span> <span class='ocrx_word' id='word_1_227' title='bbox 1421 2086 1659 2130; x_wconf 86' lang='lat' dir='ltr'>inscriptum,</span> 
     </span>
     <span class='ocr_line' id='line_1_29' title="bbox 85 2145 1661 2195; baseline -0.004 -10"><span class='ocrx_word' id='word_1_228' title='bbox 85 2151 165 2195; x_wconf 79' lang='lat' dir='ltr'>jam</span> <span class='ocrx_word' id='word_1_229' title='bbox 203 2151 340 2190; x_wconf 78' lang='lat' dir='ltr'>adfuit3</span> <span class='ocrx_word' id='word_1_230' title='bbox 381 2153 419 2184; x_wconf 85' lang='lat' dir='ltr'>et</span> <span class='ocrx_word' id='word_1_231' title='bbox 456 2150 565 2194; x_wconf 80' lang='lat' dir='ltr'>cujus</span> <span class='ocrx_word' id='word_1_232' title='bbox 602 2150 705 2184; x_wconf 88' lang='lat' dir='ltr'>aliud</span> <span class='ocrx_word' id='word_1_233' title='bbox 730 2151 987 2192; x_wconf 80' lang='lat' dir='ltr'>fragmentum</span> <span class='ocrx_word' id='word_1_234' title='bbox 1013 2148 1048 2192; x_wconf 81' lang='lat' dir='ltr'>(a</span> <span class='ocrx_word' id='word_1_235' title='bbox 1077 2149 1184 2182; x_wconf 89' lang='lat' dir='ltr'>Doct.</span> <span class='ocrx_word' id='word_1_236' title='bbox 1210 2147 1394 2188; x_wconf 87' lang='lat' dir='ltr'>Mertens)</span> <span class='ocrx_word' id='word_1_237' title='bbox 1419 2157 1441 2180; x_wconf 89' lang='lat' dir='ltr'>a</span> <span class='ocrx_word' id='word_1_238' title='bbox 1465 2145 1661 2189; x_wconf 84' lang='lat' dir='ltr'>Ruprecht</span> 
     </span>
     <span class='ocr_line' id='line_1_30' title="bbox 87 2197 1660 2252; baseline -0.004 -8"><span class='ocrx_word' id='word_1_239' title='bbox 87 2211 218 2245; x_wconf 87' lang='lat' dir='ltr'>datum</span> <span class='ocrx_word' id='word_1_240' title='bbox 256 2210 388 2250; x_wconf 78' lang='lat' dir='ltr'>habui3</span> <span class='ocrx_word' id='word_1_241' title='bbox 430 2197 540 2243; x_wconf 41' lang='lat' dir='ltr'>mihi*</span> <span class='ocrx_word' id='word_1_242' title='bbox 559 2212 686 2243; x_wconf 86' lang='lat' dir='ltr'>autem</span> <span class='ocrx_word' id='word_1_243' title='bbox 721 2209 988 2252; x_wconf 86' lang='lat' dir='ltr'>inquirendum</span> <span class='ocrx_word' id='word_1_244' title='bbox 1016 2207 1192 2251; x_wconf 85' lang='lat' dir='ltr'>adparuit</span> <span class='ocrx_word' id='word_1_245' title='bbox 1218 2217 1316 2240; x_wconf 90' lang='lat' dir='ltr'>anne</span> <span class='ocrx_word' id='word_1_246' title='bbox 1342 2207 1424 2240; x_wconf 85' lang='lat' dir='ltr'><em>haec</em></span> <span class='ocrx_word' id='word_1_247' title='bbox 1450 2205 1583 2239; x_wconf 87' lang='lat' dir='ltr'>eadem</span> <span class='ocrx_word' id='word_1_248' title='bbox 1609 2204 1660 2237; x_wconf 87' lang='lat' dir='ltr'>sit</span> 
     </span>
     <span class='ocr_line' id='line_1_31' title="bbox 86 2263 1660 2313; baseline -0.004 -9"><span class='ocrx_word' id='word_1_249' title='bbox 86 2270 217 2313; x_wconf 87' lang='lat' dir='ltr'>planta</span> <span class='ocrx_word' id='word_1_250' title='bbox 242 2281 354 2312; x_wconf 87' lang='lat' dir='ltr'>quam</span> <span class='ocrx_word' id='word_1_251' title='bbox 382 2270 576 2313; x_wconf 87' lang='lat' dir='ltr'>Ruprecht</span> <span class='ocrx_word' id='word_1_252' title='bbox 601 2270 642 2302; x_wconf 89' lang='lat' dir='ltr'>in</span> <span class='ocrx_word' id='word_1_253' title='bbox 668 2268 748 2312; x_wconf 69' lang='lat' dir='ltr'>Azy.</span> <span class='ocrx_word' id='word_1_254' title='bbox 780 2267 897 2302; x_wconf 76' lang='lat' dir='ltr'><em>Ochol.</em></span> <span class='ocrx_word' id='word_1_255' title='bbox 926 2267 994 2302; x_wconf 74' lang='lat' dir='ltr'>tab.</span> <span class='ocrx_word' id='word_1_256' title='bbox 1023 2268 1067 2301; x_wconf 84' lang='lat'>13</span> <span class='ocrx_word' id='word_1_257' title='bbox 1093 2268 1164 2301; x_wconf 83' lang='lat' dir='ltr'>sub</span> <span class='ocrx_word' id='word_1_258' title='bbox 1190 2266 1348 2301; x_wconf 88' lang='lat' dir='ltr'>nomine</span> <span class='ocrx_word' id='word_1_259' title='bbox 1379 2264 1465 2299; x_wconf 80' lang='lat' dir='ltr'>Gall.</span> <span class='ocrx_word' id='word_1_260' title='bbox 1492 2263 1660 2308; x_wconf 72' lang='lat' dir='ltr'><em>rhyncho-</em></span> 
     </span>
     <span class='ocr_line' id='line_1_32' title="bbox 87 2324 1660 2373; baseline -0.004 -10"><span class='ocrx_word' id='word_1_261' title='bbox 87 2340 199 2373; x_wconf 65' lang='lat' dir='ltr'>car-pa</span> <span class='ocrx_word' id='word_1_262' title='bbox 234 2329 451 2372; x_wconf 84' lang='lat' dir='ltr'>delineavit,</span> <span class='ocrx_word' id='word_1_263' title='bbox 484 2329 593 2372; x_wconf 81' lang='lat' dir='ltr'>cujus</span> <span class='ocrx_word' id='word_1_264' title='bbox 626 2339 715 2363; x_wconf 91' lang='lat' dir='ltr'>vero</span> <span class='ocrx_word' id='word_1_265' title='bbox 749 2328 949 2372; x_wconf 84' lang='lat' dir='ltr'>Specimen</span> <span class='ocrx_word' id='word_1_266' title='bbox 976 2328 1123 2361; x_wconf 89' lang='lat' dir='ltr'>nullum</span> <span class='ocrx_word' id='word_1_267' title='bbox 1151 2327 1222 2360; x_wconf 88' lang='lat' dir='ltr'>sub</span> <span class='ocrx_word' id='word_1_268' title='bbox 1249 2327 1321 2360; x_wconf 90' lang='lat' dir='ltr'>hoc</span> <span class='ocrx_word' id='word_1_269' title='bbox 1347 2324 1502 2359; x_wconf 87' lang='lat' dir='ltr'>nomine</span> <span class='ocrx_word' id='word_1_270' title='bbox 1529 2324 1660 2357; x_wconf 87' lang='lat' dir='ltr'>datum</span> 
     </span>
     <span class='ocr_line' id='line_1_33' title="bbox 87 2385 1661 2432; baseline -0.005 -9"><span class='ocrx_word' id='word_1_271' title='bbox 87 2389 385 2432; x_wconf 88' lang='lat' dir='ltr'>comparandum</span> <span class='ocrx_word' id='word_1_272' title='bbox 423 2388 550 2422; x_wconf 83' lang='lat' dir='ltr'>habui.</span> <span class='ocrx_word' id='word_1_273' title='bbox 603 2387 698 2422; x_wconf 83' lang='lat' dir='ltr'>Cum</span> <span class='ocrx_word' id='word_1_274' title='bbox 736 2388 845 2421; x_wconf 90' lang='lat' dir='ltr'>icone</span> <span class='ocrx_word' id='word_1_275' title='bbox 882 2386 1167 2430; x_wconf 86' lang='lat' dir='ltr'>Ruprechtiana</span> <span class='ocrx_word' id='word_1_276' title='bbox 1204 2385 1362 2419; x_wconf 87' lang='lat' dir='ltr'>ulterius</span> <span class='ocrx_word' id='word_1_277' title='bbox 1397 2385 1527 2418; x_wconf 85' lang='lat' dir='ltr'>forsan</span> <span class='ocrx_word' id='word_1_278' title='bbox 1565 2393 1661 2416; x_wconf 88' lang='lat' dir='ltr'><em>com-</em></span> 
     </span>
     <span class='ocr_line' id='line_1_34' title="bbox 87 2433 1661 2492; baseline -0.005 -9"><span class='ocrx_word' id='word_1_279' title='bbox 87 2449 256 2492; x_wconf 87' lang='lat' dir='ltr'>paranda</span> <span class='ocrx_word' id='word_1_280' title='bbox 282 2449 472 2483; x_wconf 84' lang='lat' dir='ltr'>videretur</span> <span class='ocrx_word' id='word_1_281' title='bbox 497 2449 630 2491; x_wconf 79' lang='lat' dir='ltr'>forma,</span> <span class='ocrx_word' id='word_1_282' title='bbox 657 2458 704 2481; x_wconf 76' lang='lat' dir='ltr'>ex</span> <span class='ocrx_word' id='word_1_283' title='bbox 732 2447 940 2481; x_wconf 83' lang='lat' dir='ltr'>California</span> <span class='ocrx_word' id='word_1_284' title='bbox 966 2446 1061 2480; x_wconf 85' lang='lat' dir='ltr'>mihi</span> <span class='ocrx_word' id='word_1_285' title='bbox 1088 2433 1215 2488; x_wconf 82' lang='lat' dir='ltr'>missa,</span> <span class='ocrx_word' id='word_1_286' title='bbox 1242 2444 1397 2478; x_wconf 88' lang='lat' dir='ltr'>nomine</span> <span class='ocrx_word' id='word_1_287' title='bbox 1427 2442 1502 2477; x_wconf 77' lang='lat' dir='ltr'>Gal.</span> <span class='ocrx_word' id='word_1_288' title='bbox 1522 2442 1661 2476; x_wconf 70' lang='lat' dir='ltr'>ornatae</span> 
     </span>
     <span class='ocr_line' id='line_1_35' title="bbox 86 2500 1659 2552; baseline -0.005 -10"><span class='ocrx_word' id='word_1_289' title='bbox 86 2509 279 2552; x_wconf 80' lang='lat' dir='ltr'>inscripta,</span> <span class='ocrx_word' id='word_1_290' title='bbox 319 2518 433 2550; x_wconf 86' lang='lat' dir='ltr'>quam</span> <span class='ocrx_word' id='word_1_291' title='bbox 471 2518 493 2541; x_wconf 91' lang='lat' dir='ltr'>a</span> <span class='ocrx_word' id='word_1_292' title='bbox 531 2508 662 2550; x_wconf 81' lang='lat' dir='ltr'><em>Specie</em></span> <span class='ocrx_word' id='word_1_293' title='bbox 701 2507 814 2540; x_wconf 85' lang='lat' dir='ltr'>hodie</span> <span class='ocrx_word' id='word_1_294' title='bbox 852 2507 924 2540; x_wconf 88' lang='lat' dir='ltr'>sub</span> <span class='ocrx_word' id='word_1_295' title='bbox 959 2506 1115 2539; x_wconf 88' lang='lat' dir='ltr'>nomine</span> <span class='ocrx_word' id='word_1_296' title='bbox 1151 2504 1186 2539; x_wconf 79' lang='lat' dir='ltr'>O.</span> <span class='ocrx_word' id='word_1_297' title='bbox 1214 2505 1353 2538; x_wconf 68' lang='lat' dir='ltr'>ornatoe</span> <span class='ocrx_word' id='word_1_298' title='bbox 1379 2504 1529 2545; x_wconf 84' lang='lat' dir='ltr'><em>egomet</em></span> <span class='ocrx_word' id='word_1_299' title='bbox 1554 2500 1659 2534; x_wconf 87' lang='lat' dir='ltr'>intel-</span> 
     </span>
     <span class='ocr_line' id='line_1_36' title="bbox 86 2566 1096 2610; baseline -0.004 -8"><span class='ocrx_word' id='word_1_300' title='bbox 86 2568 223 2602; x_wconf 82' lang='lat' dir='ltr'><em>lectam</em></span> <span class='ocrx_word' id='word_1_301' title='bbox 250 2568 398 2609; x_wconf 90' lang='lat' dir='ltr'>vellem,</span> <span class='ocrx_word' id='word_1_302' title='bbox 425 2578 539 2610; x_wconf 84' lang='lat' dir='ltr'>quam</span> <span class='ocrx_word' id='word_1_303' title='bbox 566 2567 732 2600; x_wconf 80' lang='lat' dir='ltr'>maxime</span> <span class='ocrx_word' id='word_1_304' title='bbox 759 2566 955 2600; x_wconf 89' lang='lat' dir='ltr'>discedere</span> <span class='ocrx_word' id='word_1_305' title='bbox 981 2568 1096 2609; x_wconf 85' lang='lat' dir='ltr'>patet.</span> 
     </span>
    </p>

    <p class='ocr_par' dir='ltr' id='par_1_8' title="bbox 87 2596 1660 2899">
     <span class='ocr_line' id='line_1_37' title="bbox 232 2596 1660 2670; baseline -0.006 -9"><span class='ocrx_word' id='word_1_306' title='bbox 232 2626 312 2668; x_wconf 51' lang='grc' dir='ltr'>*Μὴ</span> <span class='ocrx_word' id='word_1_307' title='bbox 338 2627 510 2670; x_wconf 88' lang='lat' dir='ltr'><em>Speciem</em></span> <span class='ocrx_word' id='word_1_308' title='bbox 540 2627 645 2660; x_wconf 87' lang='lat' dir='ltr'>Harv</span> <span class='ocrx_word' id='word_1_309' title='bbox 649 2637 809 2669; x_wconf 89' lang='lat' dir='ltr'>eyanam</span> <span class='ocrx_word' id='word_1_310' title='bbox 836 2626 908 2659; x_wconf 88' lang='lat' dir='ltr'>sub</span> <span class='ocrx_word' id='word_1_311' title='bbox 934 2626 1006 2659; x_wconf 91' lang='lat' dir='ltr'>hoc</span> <span class='ocrx_word' id='word_1_312' title='bbox 1032 2624 1188 2658; x_wconf 90' lang='lat' dir='ltr'>nomine</span> <span class='ocrx_word' id='word_1_313' title='bbox 1214 2623 1445 2666; x_wconf 86' lang='lat' dir='ltr'>descriptam</span> <span class='ocrx_word' id='word_1_314' title='bbox 1472 2596 1660 2654; x_wconf 81' lang='lat' dir='ltr'>affinitate</span> 
     </span>
     <span class='ocr_line' id='line_1_38' title="bbox 87 2679 1659 2729; baseline -0.004 -9"><span class='ocrx_word' id='word_1_315' title='bbox 87 2687 133 2720; x_wconf 90' lang='lat' dir='ltr'>ad</span> <span class='ocrx_word' id='word_1_316' title='bbox 170 2687 260 2721; x_wconf 84' lang='lat' dir='ltr'>Call.</span> <span class='ocrx_word' id='word_1_317' title='bbox 289 2687 521 2729; x_wconf 83' lang='lat' dir='ltr'>variegatam</span> <span class='ocrx_word' id='word_1_318' title='bbox 556 2685 730 2729; x_wconf 78' lang='lat' dir='ltr'>proxime</span> <span class='ocrx_word' id='word_1_319' title='bbox 756 2685 934 2719; x_wconf 89' lang='lat' dir='ltr'><em>accedere</em></span> <span class='ocrx_word' id='word_1_320' title='bbox 960 2684 1199 2727; x_wconf 84' lang='lat' dir='ltr'><em>conjicerem,</em></span> <span class='ocrx_word' id='word_1_321' title='bbox 1227 2682 1361 2716; x_wconf 88' lang='lat' dir='ltr'>habitu</span> <span class='ocrx_word' id='word_1_322' title='bbox 1388 2681 1582 2725; x_wconf 88' lang='lat' dir='ltr'>paulisper</span> <span class='ocrx_word' id='word_1_323' title='bbox 1607 2679 1659 2713; x_wconf 91' lang='lat' dir='ltr'>di-</span> 
     </span>
     <span class='ocr_line' id='line_1_39' title="bbox 88 2738 1659 2789; baseline -0.005 -9"><span class='ocrx_word' id='word_1_324' title='bbox 88 2757 246 2789; x_wconf 66' lang='lat' dir='ltr'>versam,</span> <span class='ocrx_word' id='word_1_325' title='bbox 286 2747 416 2779; x_wconf 86' lang='lat' dir='ltr'>forsan</span> <span class='ocrx_word' id='word_1_326' title='bbox 454 2745 574 2788; x_wconf 82' lang='lat' dir='ltr'>magis</span> <span class='ocrx_word' id='word_1_327' title='bbox 613 2745 660 2779; x_wconf 85' lang='lat' dir='ltr'>ad</span> <span class='ocrx_word' id='word_1_328' title='bbox 698 2755 787 2778; x_wconf 80' lang='lat' dir='ltr'>mox</span> <span class='ocrx_word' id='word_1_329' title='bbox 826 2746 1075 2778; x_wconf 83' lang='lat' dir='ltr'>memoratam</span> <span class='ocrx_word' id='word_1_330' title='bbox 1114 2742 1188 2777; x_wconf 81' lang='lat' dir='ltr'>Cal.</span> <span class='ocrx_word' id='word_1_331' title='bbox 1216 2743 1383 2776; x_wconf 74' lang='lat' dir='ltr'>ornatam</span> <span class='ocrx_word' id='word_1_332' title='bbox 1417 2740 1537 2783; x_wconf 84' lang='lat' dir='ltr'>Algol.</span> <span class='ocrx_word' id='word_1_333' title='bbox 1566 2738 1659 2773; x_wconf 84' lang='lat' dir='ltr'>Gali-</span> 
     </span>
     <span class='ocr_line' id='line_1_40' title="bbox 88 2798 1659 2848; baseline -0.005 -9"><span class='ocrx_word' id='word_1_334' title='bbox 88 2807 219 2841; x_wconf 67' lang='lat' dir='ltr'>fornia¹</span> <span class='ocrx_word' id='word_1_335' title='bbox 259 2806 501 2840; x_wconf 87' lang='lat' dir='ltr'>accedentem</span> <span class='ocrx_word' id='word_1_336' title='bbox 539 2805 763 2848; x_wconf 86' lang='lat' dir='ltr'>suspicarer.</span> <span class='ocrx_word' id='word_1_337' title='bbox 814 2805 1024 2845; x_wconf 83' lang='lat' dir='ltr'>Utramque</span> <span class='ocrx_word' id='word_1_338' title='bbox 1059 2802 1227 2836; x_wconf 88' lang='lat' dir='ltr'>sterilem</span> <span class='ocrx_word' id='word_1_339' title='bbox 1254 2811 1315 2834; x_wconf 90' lang='lat' dir='ltr'>me</span> <span class='ocrx_word' id='word_1_340' title='bbox 1340 2802 1489 2834; x_wconf 86' lang='lat' dir='ltr'>tantum</span> <span class='ocrx_word' id='word_1_341' title='bbox 1517 2798 1659 2833; x_wconf 85' lang='lat' dir='ltr'>vidisse</span> 
     </span>
     <span class='ocr_line' id='line_1_41' title="bbox 89 2866 264 2899; baseline 0.011 -2"><span class='ocrx_word' id='word_1_342' title='bbox 89 2866 264 2899; x_wconf 81' lang='lat' dir='ltr'>dicerem.</span> 
     </span>
    </p>
   </div>
  </div>
 </body>
</html>
