1779 3068
102 81 157 120 73
725 73 1051 114 GRACILARIAE.

559 192 646 244 †††
681 191 847 243 Species
885 205 966 232 sua
1009 190 1163 242 fronde
1208 190 1471 232 crassissima
1504 194 1541 232 et
1572 204 1671 232 com-

673 263 873 314 planata,
917 248 1195 303 exsiccatione
1235 261 1282 302 irc
1315 261 1517 315 frondem
1549 260 1673 303 carti-

679 333 893 386 layineam
925 337 1000 373 aut
1027 333 1124 386 fere
1155 345 1349 374 corneam
1381 333 1554 373 abeunte
1586 332 1672 384 azy-

681 404 908 452 mmmmm,
950 417 1091 444 ramos
1123 407 1197 444 aut
1230 403 1482 444 dichotomos
1514 403 1579 454 (in
1614 403 1672 444 in-

673 474 839 529 feriore
870 489 950 516 saa
976 475 1124 526 parte)
1157 478 1230 514 aas
1252 473 1390 527 mayis
1409 473 1674 527 ylomeratz'm

681 545 964 598 superpositos
1003 545 1051 586 in
1081 549 1209 597 parte
1239 543 1456 597 superiore
1488 544 1675 586 dilatata

682 617 907 669 stipantes,
975 616 1215 669 adspectum
1280 615 1499 669 ‘informem
1565 630 1677 658 mon-

682 692 874 730 strantes.

104 788 172 828 36.
245 784 602 827 GR.WR1GHT11
642 783 795 833 Tarn.;
828 782 871 824 J.
909 782 987 835 Ay.
1024 781 1169 834 Epz'cr.
1199 796 1245 833 p.
1279 782 1375 823 422
1406 780 1475 834 (ex
1509 794 1675 823 oceano

247 855 402 898 indico
436 859 479 897 et
513 854 625 896 mari
658 853 822 908 rubro).

106 954 173 994 37.
246 950 329 993 GR.
367 964 667 992 CRASSISSIMA
717 948 890 991 Croucm
937 948 1003 999 (in
1044 948 1119 990 FZ.
1160 947 1339 990 Guadel.
1369 961 1414 999 p.
1450 949 1559 995 213)
1609 946 1678 1000 (ex

249 1022 345 1064 Ind.
381 1020 535 1075 occid.)
554 1019 605 1075 ss)

534 1151 652 1204 ††††
687 1150 854 1202 Species
894 1164 974 1191 sua
1007 1149 1168 1203 fronde
1206 1148 1390 1190 tenuiore
1421 1148 1557 1203 mayis
1580 1147 1679 1201 pirc-

687 1220 823 1262 natim
884 1234 1056 1262 ramosa
1115 1218 1678 1272 yelatinoso-cartz‘layz'weoe,

686 1305 797 1333 nunc
829 1290 1063 1333 evidentias
1084 1293 1150 1341 (ut
1171 1290 1401 1343 adpareat)
1424 1303 1678 1342 eompressce,

688 1362 1037 1418 ramificationem
1070 1360 1297 1402 disticham
1328 1363 1406 1402 aut
1425 1360 1524 1402 hinc
1545 1360 1684 1413 mayr-s·

687 1433 959 1476 secundatam
989 1435 1248 1486 9enerantes,
1284 1445 1395 1473 nunc
1427 1432 1683 1485 adparenter

254 1578 286 1620 ²²)
313 1578 390 1612 Sub
428 1577 583 1611 nomine
624 1575 689 1610 Gr.
718 1574 952 1610 crassissimae
989 1575 1184 1618 specimen
1222 1585 1283 1608 me
1323 1574 1503 1608 habuisse
1542 1575 1682 1618 plantae

109 1638 308 1681 cujusdam
347 1638 370 1671 1.
398 1648 428 1671 c.
455 1636 665 1679 descriptae,
706 1646 819 1677 quan]
858 1646 971 1668 suum
1010 1645 1150 1668 nomen
1188 1634 1286 1668 bene
1316 1634 1501 1667 meruisse
1528 1637 1680 1677 putares

113 1709 181 1731 sua
220 1696 390 1731 crassitie
428 1695 570 1739 stipitis
605 1698 642 1728 et
673 1705 876 1735 ramorum,
902 1693 1018 1727 ramis
1045 1693 1084 1726 in
1111 1696 1218 1736 parte
1243 1704 1312 1727 sua
1338 1693 1516 1726 inferiore
1543 1693 1684 1735 sesqui-

109 1758 252 1791 lineam
291 1756 390 1797 latis,
428 1741 468 1789 at
505 1755 685 1789 brevibus
725 1757 762 1787 et
800 1753 950 1794 crassis,
987 1753 1027 1786 in
1064 1753 1206 1786 recenti
1233 1755 1275 1786 ut
1301 1752 1527 1796 conjicerem
1556 1753 1685 1785 forsan

110 1815 382 1859 sesquilineam
415 1814 696 1857 superantibus,
732 1816 844 1855 atque
874 1812 1088 1846 terminatis
1115 1812 1223 1855 quasi
1251 1811 1425 1854 congerie
1451 1811 1684 1844 ramulorum

110 1874 471 1915 verrucaeformium,
511 1884 627 1907 unam
665 1883 781 1916 supra
819 1872 976 1905 alteram
1016 1871 1197 1915 stipatam
1224 1871 1505 1913 generantibus.
1557 1869 1681 1904 Sibis

112 1935 264 1969 additur
303 1933 492 1977 ejusmodi
531 1943 656 1966 ramos
695 1931 779 1965 aliis
818 1942 968 1974 quoque
1006 1934 1048 1965 ut
1080 1930 1230 1965 videtur
1264 1930 1357 1964 locis
1384 1929 1529 1963 frondis
1557 1939 1686 1972 prove-

112 1994 278 2035 nientes,
322 1995 427 2036 patet
469 1992 662 2035 caespitem
706 1990 799 2024 2——3
842 1990 1060 2034 pollicarem
1099 1990 1178 2023 fere
1216 1989 1436 2029 informem,
1475 1999 1523 2022 ne
1562 1988 1684 2022 dicam

114 2055 371 2087 monstrosum
400 2051 581 2094 adparere
607 2051 756 2084 debere.

256 2111 406 2145 Addere
440 2110 574 2153 placet,
607 2109 709 2152 quod
734 2109 757 2143 l.
785 2120 815 2143 c.
842 2109 981 2142 dicitur
1007 2109 1105 2142 hanc
1133 2107 1303 2151 Speciem
1331 2108 1379 2141 ad
1404 2107 1536 2141 basem
1564 2107 1681 2140 obtec-

113 2175 191 2205 tam
231 2170 412 2204 obvenire
451 2171 578 2203 crusta
611 2169 778 2203 calcarea
805 2187 847 2192 -
876 2168 986 2211 cujus
1012 2171 1142 2201 tamen
1168 2167 1207 2200 in
1234 2167 1443 2212 specimine
1469 2166 1560 2199 mihi
1590 2176 1686 2200 com-

113 2230 306 2264 municato
345 2229 449 2263 nulla
487 2228 628 2262 indicia
663 2239 723 2262 me
749 2228 903 2271 vidisse,
930 2227 1054 2261 dicere
1081 2227 1138 2260 fas
1166 2229 1234 2260 est.
1287 2227 1368 2259 Hac
1395 2236 1484 2260 vero
1511 2225 1686 2259 observa-

113 2290 218 2323 tione
256 2289 438 2322 insistens
477 2288 653 2322 lubenter
691 2287 855 2321 dicerem
893 2297 954 2320 me
980 2297 1027 2320 ex
1053 2286 1172 2320 Insul.
1201 2285 1401 2320 Sandwich
1428 2285 1685 2327 fragmentum

117 2348 297 2382 habuisse
337 2347 482 2391 Speciei
519 2357 625 2389 aeque
658 2349 895 2389 monstrosae,
923 2348 961 2380 at
986 2348 1029 2380 ut
1054 2348 1227 2389 putarem
1255 2345 1327 2378 sub
1353 2343 1609 2378 exsiccatione
1635 2343 1687 2376 ita

114 2418 374 2451 compressum
413 2409 456 2440 ut
493 2406 650 2440 omnino
689 2406 842 2449 planam
880 2405 1051 2448 plantam
1090 2405 1221 2445 fuisse,
1258 2403 1407 2438 facilius
1441 2403 1525 2446 quis
1552 2411 1689 2445 suppo-

114 2467 264 2500 suisset.
317 2466 354 2500 Si
392 2476 482 2500 vero
521 2475 737 2509 supponere
775 2465 906 2498 liceret
942 2464 983 2497 in
1021 2464 1093 2498 hoc
1128 2463 1339 2507 specimine
1370 2472 1519 2505 quoque
1546 2461 1688 2495 calcem

115 2526 365 2560 incrustatam
400 2524 603 2559 obvenisse
641 2527 678 2558 et
704 2525 802 2558 hanc
828 2523 947 2558 acidis
973 2523 1155 2557 adhibitis
1181 2522 1301 2556 fuisse
1327 2521 1528 2561 sublatam,
1555 2519 1689 2554 intelli-

116 2595 202 2628 gere
240 2585 353 2618 licere
385 2584 561 2617 frondem
594 2583 634 2617 in
661 2583 850 2626 ejusmodi
877 2586 1037 2617 tractato
1063 2581 1274 2625 specimine
1300 2581 1456 2615 omnino
1483 2580 1688 2622 collapsam

116 2644 307 2687 adparere.
358 2643 623 2686 Magnitudine
661 2653 730 2676 sua
768 2642 916 2676 circiter
953 2641 1185 2685 tripollicari‚
1221 2644 1259 2674 et
1291 2639 1472 2680 crassitie,
1499 2649 1612 2681 quam
1638 2638 1689 2671 lu-

116 2703 250 2737 benter
281 2713 538 2746 supponerem
570 2712 737 2746 pennam
773 2701 1012 2745 scriptoriam
1040 2703 1265 2743 aequantem,
1293 2703 1493 2742 utramque
1519 2699 1688 2742 plantam

118 2762 331 2803 convenire,
371 2765 409 2796 et
446 2772 596 2804 quoque
634 2772 704 2795 suo
739 2761 864 2795 colore
894 2761 934 2794 in
960 2761 1238 2794 fuscescentem
1265 2759 1446 2793 tendente
1472 2766 1688 2800 congruere,

118 2820 262 2854 dixisse
289 2821 423 2863 placet.
