1779 3068
104 129 161 169 56
727 125 1053 167 GRACILARIAE.

508 243 575 274 ÷÷
608 243 820 284 ARMATAE
855 243 1088 298 frondibus
1121 245 1396 288 teretiuseutis
1427 259 1672 302 quoquover-

605 329 699 357 sum
720 316 819 368 fere
851 315 1070 368 (equaliter
1101 316 1580 370 decomposito-ramosis,
1604 331 1670 358 ra-

608 386 689 428 mis
734 386 995 439 ramulisque
1041 387 1132 429 suis
1179 387 1374 440 apicibus
1421 388 1673 430 acuminatis

609 458 748 510 mayis
776 457 973 510 spinulas
994 458 1273 512 referentibus
1286 459 1487 513 frondem
1509 459 1673 500 demum

607 528 930 581 cartilaqineam
951 529 1089 581 mayis
1110 530 1331 582 pinnatim
1352 530 1670 582 decompositam

606 599 920 652 mentientibus;
967 600 1271 653 sphoei'vsporis
1318 601 1363 643 in
1399 600 1582 653 spinulis
1614 614 1671 642 eo-

606 672 717 714 nicis
757 671 1114 725 simplicioribus,-
1154 677 1322 724 partem
1358 672 1606 726 inferiorem
1637 675 1674 712 et

606 743 861 792 medianam,
916 757 1008 784 soro
1066 743 1286 796 conspicuo
1338 743 1673 785 intumescentem

604 814 928 868 yenerantibus;
975 815 1249 868 cystocarpiis
1281 819 1354 856 aut
1385 828 1500 856 secus
1531 828 1673 855 ramos

608 887 733 939 {onya
774 885 883 928 serie
922 886 1282 938 provenientibus,
1316 900 1429 927 nunc
1460 885 1672 939 interjecto

607 958 771 999 ramulo
815 957 973 1009 sterili;
1018 961 1093 998 aut
1132 957 1179 998 in
1220 956 1327 1010 ipsis
1366 956 1546 998 ramulis
1578 957 1672 998 late-

606 1028 769 1070 ralibus
812 1028 972 1081 (mayis
1012 1028 1205 1081 evolutis)
1243 1042 1351 1081 scepe
1383 1028 1552 1069 densius
1575 1042 1673 1081 pro-

606 1100 876 1149 venientibus,
918 1100 1024 1152 ipsis
1064 1100 1236 1141 ramelto
1274 1099 1378 1152 quin
1410 1099 1533 1141 immo
1567 1113 1675 1152 scepe

605 1171 878 1213 mucronatis.

667 1264 804 1288 ΗΜ*
843 1266 1090 1307 Frondibus
1122 1266 1397 1308 teretiuseutis
1429 1270 1466 1307 et
1498 1280 1672 1319 quoquo-

843 1352 1008 1379 versum
1030 1338 1270 1386 ramulosis,
1304 1337 1486 1379 ramulis
1516 1337 1671 1378 sterili-

843 1410 918 1451 bus
969 1409 1107 1462 mayis
1158 1409 1376 1461 innocuis;
1424 1407 1674 1462 fructiferis

842 1480 1146 1534 cartilagineis7
1195 1494 1312 1521 secus
1358 1494 1501 1522 ramos
1547 1482 1672 1533 cgssto-

843 1551 995 1605 carpia
1053 1551 1238 1598 sessilia,
1298 1551 1433 1605 Zonyis
1490 1552 1674 1593 seriebus

844 1623 1060 1676 disposita,
1095 1637 1207 1664 nunc
1243 1624 1416 1664 rametlo
1449 1622 1587 1664 sterili
1618 1636 1674 1664 se-

839 1698 1000 1748 parata
1031 1694 1340 1748 yenerantibus.

102 1790 166 1831 10.
241 1788 324 1830 GR.
361 1804 555 1830 ARMATA
596 1789 639 1832 C.
680 1791 756 1843 Ay.
791 1790 857 1843 (J.
893 1790 973 1843 Ay.
1009 1789 1156 1842 Epicr.
1186 1804 1231 1842 p.
1268 1790 1372 1843 114)
1392 1787 1443 1844 ³³²).

98 1944 229 1967 versus
269 1933 389 1966 inulto
428 1933 601 1966 tenuiora
640 1936 676 1967 et
714 1933 859 1967 iteratis
899 1933 1045 1967 vicibus
1084 1932 1359 1976 decomposita3
1400 1935 1479 1965 tum
1522 1931 1671 1974 plantas

96 1992 265 2035 juniores
294 1992 421 2033 habui,
450 1995 530 2026 tota
555 1993 803 2026 consistentia
829 1993 975 2026 frondis
1003 2003 1161 2026 carnosa
1185 1992 1366 2034 insignia:
1395 2002 1478 2034 quae
1498 1990 1669 2034 ejusdem

99 2052 244 2095 Speciei
283 2052 424 2085 formas
464 2052 634 2094 juniores
675 2052 913 2086 considerare
952 2063 1066 2085 ausus
1107 2062 1191 2085 sum
1227 2070 1268 2074 -
1308 2061 1440 2084 omnes
1480 2061 1527 2083 ex
1566 2050 1672 2084 Nova

97 2111 303 2144 Hollandia
347 2111 541 2154 superiore
588 2112 868 2154 provenientes.
928 2112 1005 2145 Nec
1043 2111 1208 2154 (lenique
1246 2110 1459 2147 tacendum,
1503 2109 1672 2152 plantam

98 2170 336 2204 consimilem
370 2174 409 2204 at
440 2181 509 2204 sua
535 2170 785 2204 consistentia
810 2171 1065 2204 Lichenoidea
1091 2170 1280 2204 diversam
1308 2169 1402 2202 mihi
1429 2180 1475 2202 ex
1503 2168 1672 2211 Ceylona

97 2240 317 2273 comparare
343 2229 508 2263 licuisse.

242 2288 274 2331 ³³)
300 2289 544 2332 Comparanti
572 2289 666 2322 mihi
694 2293 805 2332 typos
833 2290 1049 2324 Gracilariae
1068 2289 1227 2323 Generis
1246 2289 1331 2332 plus
1351 2288 1477 2331 minus
1496 2287 1669 2321 diversos

97 2352 134 2382 et
172 2359 303 2383 revera
341 2349 547 2382 admodum
586 2349 756 2383 diversos
792 2351 918 2392 Typos
952 2349 1210 2397 induentibus,
1239 2348 1460 2391 adparuisse
1486 2346 1669 2380 confiteor

100 2406 209 2442 Grac.
235 2410 416 2442 armatam
456 2410 537 2441 tota
574 2419 644 2442 sua
681 2411 871 2442 structura
903 2409 1060 2451 frondis,
1094 2411 1175 2442 tuni
1202 2418 1352 2450 quoque
1378 2417 1447 2440 sua
1472 2405 1670 2440 fructifica·

97 2467 212 2500 tionis
246 2467 373 2501 indole
409 2467 651 2510 potissimum
680 2468 727 2501 ad
754 2468 817 2501 Gr.
844 2468 1115 2502 Lichenoidem
1143 2466 1483 2510 adproximandam
1510 2475 1608 2504 esse;
1637 2463 1670 2497 si

97 2538 247 2569 quoque
274 2527 428 2560 cellulas
455 2526 665 2569 interiores
693 2527 791 2561 circa
817 2528 1022 2561 centralem
1050 2537 1184 2570 parum
1211 2526 1456 2569 conspicuam
1481 2525 1520 2558 in
1539 2524 1668 2558 orbem

97 2586 313 2628 dispositas,
354 2586 546 2629 paulisper
585 2587 751 2620 minores
788 2597 902 2629 quam
936 2587 975 2620 in
1009 2587 1141 2630 Specie
1167 2585 1341 2620 orientali
1368 2585 1521 2618 easdem
1547 2583 1669 2617 obser-

98 2655 185 2678 vare
212 2645 365 2679 credidi.

241 2706 293 2738 Ut
331 2705 370 2737 in
409 2704 471 2739 Gr.
499 2705 731 2739 Lichenoide
765 2725 807 2729 ——
847 2706 1092 2740 teretiuscula
1130 2708 1167 2739 et
1204 2714 1510 2748 quoquoversum
1548 2712 1668 2735 ramu-

98 2762 177 2795 losa
205 2782 247 2786 —-
274 2764 409 2797 ramuli
436 2765 666 2807 proveniunt
692 2775 713 2798 a
739 2765 873 2799 fronde
900 2765 1142 2799 circumcirca
1168 2764 1411 2808 pullulantes,
1438 2763 1491 2796 ita
1517 2771 1667 2804 quoque

100 2820 164 2854 Gr.
193 2824 375 2856 armatam
413 2823 528 2856 ramis
567 2824 800 2866 ramulisque
835 2834 1140 2866 quoquoversum
1168 2822 1450 2865 egredientibus
1476 2822 1665 2855 obtectam

97 2879 272 2914 dicerem.
325 2882 388 2914 Sin
429 2893 517 2916 vero
557 2883 596 2916 in
633 2883 764 2926 Specie
793 2883 976 2917 Javanica
1002 2883 1138 2917 ramuli
1165 2882 1355 2916 molliores
1382 2884 1419 2915 et
1446 2880 1565 2923 magis
1592 2890 1665 2914 car-
