1779 3068
108 108 194 149 130

105 238 169 274 ea,
205 238 340 279 quam
377 222 459 264 sub
493 222 577 263 hoe
611 220 795 262 nomine
828 234 883 262 ex
915 219 1160 262 California
1193 220 1480 263 distributam
1524 221 1676 263 habui.

107 294 365 350 Specimina
397 307 503 335 vero
536 293 687 347 hujus,
731 299 833 346 quae
865 290 1167 333 examinanda
1200 291 1351 342 habui,
1387 291 1552 334 sterilia
1584 297 1678 334 tan-

105 370 203 408 tum
249 364 361 414 vidi3
412 378 467 406 ex
515 363 584 404 his
623 376 728 404 vero
772 361 973 417 plantam
1009 366 1214 417 putarem
1247 363 1482 417 Ahnfeltz'a’
1507 363 1681 416 plicatoe

105 436 359 491 proximam
407 440 453 476 at·
499 433 702 476 tenuiore
744 432 905 475 fronde
952 432 1224 483 distinctam,
1259 438 1301 475 et
1334 434 1476 489 magis
1509 433 1679 487 regula·

104 506 211 549 riter
258 505 685 561 di-polychotomam
734 503 951 554 dicerem;
1001 503 1203 546 molliore
1252 505 1380 559 quasi
1427 504 1679 546 substantia

105 576 277 619 frondis
311 590 491 631 quoque
524 575 762 630 insignem.
812 575 954 630 Cujus
979 570 1088 617 vero
1115 575 1301 617 Generis
1332 575 1389 617 sit
1410 575 1503 618 haec
1526 575 1680 630 planta

106 647 376 689 Californica
394 646 469 688 vix
493 646 579 688 nisi
598 645 820 687 fructibus
839 645 1085 688 observatis
1104 646 1436 702 conjiciendum
1457 651 1677 701 putarem.

251 789 291 844 2)
315 788 381 830 De
404 788 572 844 planta,
593 788 675 830 sub
695 788 878 830 nomine
898 787 1193 830 DELESSERIA
1215 787 1472 829 BARTONIAE
1493 788 1681 830 Schmitz

107 875 163 903 ex
196 860 301 916 Cap.
328 860 368 902 b.
395 859 499 914 Spei
533 873 586 901 ex
620 858 758 901 Herb.
784 858 968 901 Beckeri
1003 858 1252 909 distributa,
1279 859 1507 901 monuisse
1537 859 1683 914 placet

106 932 220 974 mihi
251 931 298 973 in
330 931 415 973 hac
448 930 603 986 planta
635 944 717 972 nec
750 929 1062 980 Delesseriam‚
1097 944 1178 972 nec
1212 929 1359 985 Tyloti
1394 930 1595 985 Speciem
1629 933 1681 971 ut
1733 959 1741 961 -

107 1003 205 1045 haec
248 1001 537 1057 supposuisse
583 1001 762 1044 videtur
806 1001 1007 1049 Holmes,
1043 1015 1284 1056 agnoscere
1316 1001 1505 1043 licuisse.
1571 1000 1683 1042 Mihi

109 1073 319 1129 adparuit
360 1073 477 1115 hanc
514 1072 715 1128 plantam
750 1072 931 1128 proprio
964 1087 1045 1114 suo
1078 1072 1211 1114 modo
1244 1086 1458 1128 generare
1492 1072 1683 1127 sphaero-

109 1159 264 1200 sporas
298 1145 343 1186 in
376 1144 680 1186 Nematheciis
714 1143 921 1193 externis,
953 1157 1144 1199 quarum
1181 1143 1527 1199 descriptionem
1561 1143 1685 1185 velut

108 1219 249 1258 totam
297 1219 567 1257 structuram
616 1215 781 1270 plantae
831 1214 935 1257 dare
978 1220 1164 1256 conatus
1204 1229 1304 1256 sum
1337 1215 1383 1256 in
1418 1215 1544 1256 Bz'dr.
1581 1215 1680 1268 Azy.

111 1287 224 1342 Syst.
270 1287 340 1329 VI
366 1301 404 1340 p.
440 1290 497 1328 35
531 1285 614 1327 sub
647 1285 830 1326 nomine
869 1285 1149 1339 Tylezssophora
1183 1286 1388 1340 Beckeriy·
1434 1285 1502 1327 his
1541 1284 1685 1326 fultus

110 1357 440 1400 characteribus
490 1356 690 1411 Speciem
742 1360 791 1398 ut
840 1370 956 1398 novo
999 1356 1162 1398 Generi
1206 1357 1402 1412 typicam
1436 1356 1532 1398 loco
1566 1355 1685 1398 dicto

111 1428 360 1471 describere
408 1432 595 1470 conatus
644 1441 758 1477 sum,
809 1427 1090 1482 eandemque
1139 1427 1194 1469 ad
1239 1426 1683 1482 Sphaerococcoideas

111 1499 391 1542 referendam
427 1512 521 1540 esse
554 1512 782 1540 assumere
816 1513 953 1540 ausus
987 1513 1099 1540 sum.
1161 1546 1164 1549 ‚

254 1641 294 1696 3)
329 1641 395 1683 De
429 1641 671 1696 Speciebus
710 1641 1062 1694 leysanoeladz‘oe
1094 1645 1197 1682 ante
1226 1640 1397 1695 aliquot
1419 1654 1562 1682 annos
1585 1640 1686 1682 scri-

112 1712 234 1755 benti
269 1712 379 1753 mihi
413 1712 565 1765 (Amal.
607 1712 723 1754 Com.
761 1713 824 1753 II.
853 1727 899 1765 p.
934 1714 1017 1767 52)
1055 1711 1315 1767 adparuisse
1349 1710 1687 1767 quodammodo

113 1783 300 1825 dubium
336 1797 453 1825 anne
486 1783 531 1824 in
571 1784 646 1825 Th.
674 1783 964 1838 oppositz'folia
996 1783 1301 1825 diversitatem
1330 1782 1560 1838 quandam
1585 1795 1683 1836 sup-

112 1868 278 1910 ponere
311 1858 586 1909 opporteret;
622 1859 664 1896 et
697 1868 797 1909 quae
831 1854 885 1896 de
914 1854 1273 1896 fructificationis
1295 1853 1444 1904 indole
1468 1867 1519 1895 ea
1542 1852 1686 1903 attuli,

71 1981 75 1984 Δ
113 1939 214 1981 quae
247 1925 301 1967 de
335 1924 523 1975 diversis
557 1925 799 1980 Speciebus
823 1926 935 1966 mihi
959 1925 1042 1967 hoc
1065 1930 1265 1980 tempore
1288 1925 1465 1979 cognita
1490 1925 1684 1965 fuerunt.

114 1996 247 2046 Quod
281 2010 385 2038 vero
420 1995 665 2037 dolendum
699 1996 908 2051 adparuit
940 2001 1209 2038 structuram
1245 2003 1287 2037 et
1320 1996 1454 2037 situm
1494 1995 1687 2050 sphaero-

114 2081 350 2123 sporarum
397 2067 441 2108 in
498 2068 574 2109 Th.
611 2068 903 2122 opposz'tz'folz'a
951 2067 1061 2109 mihi
1110 2067 1194 2109 hoc
1242 2074 1443 2122 tempore
1484 2066 1686 2121 ignotam

115 2153 210 2181 esse
244 2138 349 2188 dixi,
385 2143 540 2193 utpote
573 2139 690 2180 hanc
724 2139 927 2193 Speciem
963 2144 1059 2180 tum
1093 2138 1249 2180 habitu
1274 2149 1371 2180 tum
1396 2136 1689 2193 cystocarpiis

114 2209 170 2252 ab
219 2209 316 2251 aliis
366 2209 609 2264 Speciebus
659 2209 886 2265 paulisper
925 2210 1069 2265 magis
1114 2210 1336 2252 diversam
1372 2208 1550 2250 facilius
1584 2207 1685 2263 quis

115 2280 414 2336 supposuerit.
467 2280 609 2335 Novis
642 2280 913 2335 quibusdam
949 2280 1271 2336 speciminibus
1306 2279 1415 2321 mihi
1450 2283 1604 2333 postea
1630 2278 1689 2319 al-

114 2351 227 2401 latis,
264 2351 598 2406 sphaerosporas
631 2351 678 2392 in
711 2351 780 2393 his
814 2351 1019 2406 detegere
1045 2351 1154 2393 mihi
1177 2351 1353 2398 licuisse
1378 2349 1508 2391 hodie
1533 2363 1685 2391 monu-

116 2422 202 2464 isse
226 2421 387 2477 placet3
423 2427 529 2463 sunt
551 2436 705 2463 revera
728 2422 773 2463 in
798 2421 1187 2481 ramellisxultimis
1211 2421 1437 2477 paulisper
1461 2420 1689 2474 siliquosae

116 2492 281 2534 inflatis
315 2497 504 2534 stratum
537 2493 631 2534 fere
664 2492 926 2534 continuum
963 2493 1227 2541 formantes;
1263 2491 1463 2546 singulas
1496 2495 1685 2531 mature-

117 2568 288 2605 scentes
321 2563 536 2617 oblongas
570 2563 662 2605 vidi
695 2569 737 2605 et
770 2563 962 2604 zonatim
998 2562 1339 2618 quadridivisas.
1398 2561 1600 2616 Speciem
1624 2561 1686 2602 ita

117 2648 218 2675 cum
254 2635 352 2676 aliis
386 2634 628 2690 Speciebus
662 2635 1003 2690 congenericam
1037 2634 1242 2676 lubenter
1274 2646 1562 2674 assumerem.

259 2777 300 2829 4)
334 2776 400 2817 De
448 2778 732 2831 Gratezoupw
776 2778 1024 2820 acuminata
1066 2776 1259 2829 (Holmes
1299 2776 1405 2817 New
1443 2775 1541 2827 Aly.
1566 2774 1689 2829 from

119 2845 265 2897 Japon
292 2860 337 2897 p.
373 2847 463 2887 254
497 2847 561 2888 Pl.
602 2848 647 2889 X
669 2849 748 2901 fly.
783 2849 963 2902 &cz—c)
1006 2846 1135 2902 cujus
1180 2845 1408 2901 specimen
1441 2843 1688 2886 admodum
