1779 3068
105 72 188 114 110
730 73 1042 117 DASYPHLEAE.

100 196 213 234 tates
261 190 531 246 Dasyphleae
580 204 684 232 cum
732 190 819 233 illis
863 191 1135 237 Rhabdonia
1167 197 1454 251 potissimum
1486 215 1670 257 congru-

99 268 224 305 entes
257 262 548 317 supposuisse
580 260 786 304 lubenter
818 263 1088 318 conjicerem
1107 266 1158 322 *).

242 334 435 388 Quoque
482 347 589 375 vero
637 333 770 375 hodie
817 335 1076 378 meminisse
1125 338 1271 392 placet
1311 354 1480 396 organa
1519 343 1669 387 fructi·

97 405 317 447 ficationis
350 404 386 446 F
389 404 661 446 loridearum
695 405 882 460 triplicis
914 420 1010 449 esse
1041 410 1230 462 generis,
1271 424 1465 468 quaeque
1496 414 1544 456 in
1578 415 1670 458 suis

97 476 290 532 propriis
324 476 577 518 individuis
609 481 833 531 generata,
870 481 912 520 et
944 478 1042 533 ipsa
1075 494 1255 536 quoque
1282 481 1525 527 Individua
1548 501 1671 529 nunc

96 548 278 603 proprio
312 562 392 590 suo
425 547 560 589 modo
592 547 648 589 ad
682 548 776 590 haec
809 563 978 604 organa
1010 552 1269 605 generanda
1298 555 1669 611 quandoquidem

95 619 190 661 fieri
239 622 560 671 transmutato;
610 619 933 674 inquirendum
975 621 1113 676 igitur
1149 623 1305 666 forsan
1338 626 1518 668 cuidam
1552 628 1671 671 vide-

95 695 217 732 retur
264 704 382 732 anne
430 690 711 733 diversitates
758 694 856 733 tum
903 692 1167 743 habituales‚
1218 699 1315 737 tum
1359 711 1460 752 quae
1492 698 1539 740 in
1572 700 1670 755 ipsa

95 765 320 803 structura
354 761 528 803 frondis
561 761 717 804 adesse
749 762 1021 805 videbantur
1054 764 1319 808 differentiae
1351 767 1469 810 inter
1491 769 1668 825 plantas

96 846 208 888 quas
247 832 303 874 ab
345 833 443 875 aliis
486 833 744 876 observatas
777 834 905 876 aliter
938 849 1118 890 quoque
1151 836 1396 894 descriptas
1428 839 1562 882 hodie
1595 856 1669 884 no-

93 904 256 953 vimus,
308 904 442 946 modo
491 905 689 960 quodam
738 905 874 947 simili
917 907 1196 961 explicandae
1228 909 1502 953 viderentur.
1569 912 1668 955 Hoc

94 980 300 1031 respectu
332 990 489 1018 revera
517 977 746 1019 monuisse
769 982 976 1032 opportet
998 978 1271 1035 Montagneo
1295 995 1444 1024 coram
1468 982 1668 1027 adfuisse

92 1051 190 1089 tum
224 1048 425 1102 plantam
458 1048 707 1103 juvenilem
731 1050 885 1105 (quam
907 1050 1065 1092 habitu
1089 1051 1515 1107 Halymenioideam
1540 1054 1668 1112 dixit)

92 1124 188 1160 tum
223 1119 426 1174 plantam
460 1120 916 1175 spheerosporiferam,
954 1136 1090 1176 quam
1119 1128 1272 1165 tamen
1297 1124 1430 1166 modo
1454 1125 1530 1168 vix
1554 1125 1667 1169 bene

90 1189 384 1246 intelligendo
419 1191 687 1247 descriptam
723 1193 861 1234 fuisse
894 1194 1070 1248 putavi;
1107 1194 1320 1251 Harveyo
1353 1210 1459 1238 vero
1486 1202 1665 1239 tantum

92 1261 293 1304 adfuisse
341 1263 543 1317 plantam
591 1264 880 1318 cystocarpiis
929 1265 1214 1317 instructam;
1265 1267 1371 1309 hinc
1412 1267 1665 1311 habituales

91 1338 221 1375 notas
269 1334 317 1374 in
365 1333 521 1388 planta
569 1334 789 1377 adultiore
837 1336 1116 1391 conspicuas,
1167 1341 1210 1378 et
1257 1338 1484 1392 quomodo
1527 1346 1666 1394 cysto-

92 1405 244 1460 carpia
292 1404 375 1447 sub
424 1405 509 1447 hoc
557 1405 700 1448 stadio
748 1406 831 1448 rite
877 1407 1056 1449 evoluta
1089 1408 1301 1451 obvenire
1335 1412 1572 1465 putaverit,
1608 1411 1664 1454 ab

92 1490 143 1518 eo
177 1477 257 1518 rite
290 1476 546 1532 expositum
580 1491 761 1532 quoque
793 1481 993 1533 putares3
1041 1493 1183 1534 quum
1217 1494 1323 1522 vero
1357 1480 1410 1523 de
1444 1482 1665 1525 affinitate

92 1548 280 1590 Generis
330 1548 519 1603 quaestio
568 1549 728 1604 agitur,
783 1564 886 1591 eum
935 1551 1222 1606 potissimum
1271 1551 1406 1594 fidem
1454 1553 1666 1596 habuisse

91 1619 482 1662 observationibus
516 1620 789 1676 Montagnei,
825 1626 868 1663 et
900 1622 969 1663 his
1004 1622 1298 1665 suadentibus
1339 1623 1494 1666 Genus
1527 1624 1666 1681 Dasy-

89 1691 235 1746 phleae
282 1691 564 1734 Rhabdoniae
607 1692 1018 1747 adproximandum
1062 1694 1216 1736 forsan
1249 1695 1486 1750 putaverit.
1553 1695 1666 1738 Mihi

91 1761 286 1818 denique
335 1762 413 1805 diu
460 1768 638 1805 tantum
687 1764 890 1819 plantam
933 1764 1130 1807 adfuisse
1172 1766 1321 1816 talem,
1357 1767 1536 1821 qualem
1569 1767 1664 1822 jam

89 1840 222 1876 antea
270 1834 565 1890 descripserat
613 1835 817 1890 Harvey;
869 1849 949 1878 nec
992 1836 1129 1891 igitur
1172 1837 1256 1879 hac
1289 1837 1480 1879 ducente
1513 1838 1664 1880 icones

89 1905 363 1962 Montagnei,
415 1910 460 1948 at
507 1906 924 1962 sphee1·osporarum
973 1921 1182 1950 verrucas
1231 1908 1286 1949 ab
1333 1922 1383 1950 eo
1418 1908 1663 1964 descriptas

87 1977 171 2019 rite
220 1977 467 2033 intelligere
516 1977 627 2019 mihi
670 1978 859 2027 licuisse,
906 1978 1112 2021 lubenter
1145 1979 1447 2022 concederem.
1514 1980 1663 2023 Hodie

87 2048 225 2103 igitur
273 2049 384 2090 mihi
432 2049 488 2090 ad
536 2049 617 2091 has
665 2050 842 2103 plantas
885 2050 1132 2093 revenienti
1172 2050 1495 2106 inquirendum
1530 2052 1663 2107 adpa-

88 2120 243 2171 ruisse,
290 2125 443 2162 utrum
482 2121 647 2176 plantae
680 2121 771 2163 sint
803 2121 1002 2171 diversae‚
1038 2136 1137 2176 quae
1170 2136 1326 2165 revera
1359 2122 1491 2164 aliam
1527 2127 1662 2165 struc-

86 2196 232 2233 turam
268 2192 442 2234 frondis
476 2193 693 2234 referrent
725 2197 768 2235 et
798 2193 845 2234 in
879 2193 1044 2248 quibus
1072 2193 1393 2249 sphaerosporae
1416 2194 1502 2235 alio
1526 2194 1661 2236 inodo

85 2268 310 2320 generatae
358 2268 493 2319 atque
541 2264 669 2306 aliter
710 2264 952 2307 subdivisae
991 2265 1268 2315 obvenirent,
1305 2279 1363 2306 an
1396 2265 1661 2307 differentiae

86 2335 333 2378 observatae
381 2340 557 2378 tantum
609 2335 752 2378 stadia
801 2336 1070 2378 evolutionis
1123 2335 1365 2395 proderent
1411 2336 1660 2378 admodum

231 2480 264 2523 *)
289 2480 513 2514 Meminisse
545 2481 670 2524 placet
704 2481 807 2524 ipsas
838 2481 1124 2524 sphaerosporas
1151 2491 1173 2514 a
1198 2480 1352 2514 nemine
1379 2482 1466 2522 post
1491 2480 1659 2521 Montag-

85 2551 199 2574 neum
240 2540 450 2583 descriptas
490 2540 625 2580 fuisse;
667 2541 896 2583 easdemque
935 2541 1048 2574 modo
1087 2540 1188 2574 dicto
1224 2540 1271 2574 ab
1304 2550 1348 2573 eo
1375 2539 1495 2573 fuisse
1522 2549 1659 2572 memo-

84 2604 196 2635 ratas.
248 2600 344 2634 Mihi
372 2600 583 2643 specimina
610 2610 815 2633 numerosa
842 2619 885 2623 —-
913 2611 996 2642 quae
1023 2600 1070 2633 ad
1098 2600 1258 2633 eandem
1292 2599 1464 2642 Speciem
1491 2601 1556 2632 aut
1581 2608 1660 2640 per-

84 2660 257 2701 tinentia,
297 2662 363 2693 aut
401 2660 448 2692 ad
487 2660 636 2702 plantas
676 2659 863 2692 affinitate
902 2660 1097 2702 proximas
1133 2659 1332 2692 referenda
1356 2657 1535 2701 judicavi,
1563 2667 1659 2690 com-

85 2720 233 2763 paranti
262 2739 305 2742 —
333 2720 617 2762 sphaerosporas
657 2719 811 2752 demum
850 2718 1053 2752 obvenisse
1092 2718 1258 2751 zonatim
1297 2716 1456 2757 divisas;
1485 2719 1523 2750 at
1549 2716 1658 2750 obve-

85 2779 235 2812 nientes
274 2779 372 2812 inter
405 2779 469 2811 fila
499 2778 607 2811 strati
635 2777 833 2819 corticalis,
862 2777 1068 2820 conspicua
1093 2788 1162 2811 sua
1189 2777 1406 2811 evolutione
1432 2775 1592 2817 diversa,
1620 2776 1660 2808 at

86 2838 165 2871 haec
194 2839 256 2872 [ila
282 2848 471 2879 nusquam
498 2837 575 2872 vidi
603 2838 643 2870 in
662 2847 849 2879 verrucas,
869 2847 963 2879 quas
983 2836 1186 2879 descripsit
1203 2836 1422 2878 Montagne,
1441 2834 1656 2877 conjuncta.

569 2896 580 2907 .
