1779 3068
100 77 152 117 10

92 191 247 236 venire
280 189 424 244 magis
457 188 735 243 conspicuas,
769 200 892 228 nunc
925 187 1086 242 aegrius
1119 186 1457 242 concipiendas;
1507 191 1549 229 et
1582 187 1666 229 hoc

95 261 228 304 modo
263 259 576 316 dispositiones
610 257 928 314 Systematicas
960 257 1174 300 obvenire
1208 257 1369 300 debere
1392 262 1435 300 et
1456 272 1536 313 pro
1559 262 1666 300 tem-

93 347 201 388 pore
235 331 335 387 plus
367 330 518 372 minus
551 329 699 372 varias
732 333 775 371 et
806 342 886 384 pro
919 328 1066 380 modo,
1102 342 1192 383 quo
1216 328 1539 384 concipiantur,
1564 327 1665 384 plus

94 404 246 446 minus
278 406 452 444 naturae
485 404 832 443 consentaneas:
868 399 1096 448 Quaeritur
1124 399 1209 442 hoc
1233 398 1367 441 modo
1390 399 1666 455 quibusnam

94 488 368 529 organorum
415 471 748 515 characteribus
786 470 1128 527 Systematicam
1163 469 1501 526 dispositionem
1534 470 1667 513 hodie

93 545 327 588 instituere
375 547 649 600 opporteret3
699 546 742 585 et
789 542 873 584 hac
913 542 1084 585 trutina
1124 541 1346 597 judicanti
1379 541 1490 583 mihi
1523 541 1668 583 affini-

93 621 208 659 tates
257 615 580 659 Floridearum.
621 613 946 656 assumendum
995 613 1153 668 putavi
1200 613 1379 668 ipsam
1427 613 1667 654 formam

95 692 147 730 et
195 685 644 742 dispositionem
693 684 1146 727 Gemmidiorum
1189 684 1395 726 sistere
1441 683 1667 726 charac-

93 764 268 809 teres,
303 757 468 813 quibus
502 756 770 799 ducentibus
803 755 858 798 de
890 755 1112 798 affinitate
1139 756 1368 797 Generum
1390 755 1665 797 tutissimum

95 829 288 886 judicari
321 828 454 871 hodie
487 828 649 871 liceret.

238 901 390 943 Pauca
421 905 574 942 autem
608 913 788 955 quoque
822 899 905 941 hoc
938 902 1143 953 respectu
1176 897 1308 940 hodie
1347 896 1670 953 praemonenda

95 986 278 1015 censeo:

239 1042 372 1092 Quod
420 1056 511 1085 uno
559 1047 637 1084 aut
684 1041 823 1083 altero
866 1040 1000 1082 modo
1042 1040 1288 1082 formatum
1324 1039 1507 1081 demum
1540 1053 1668 1094 gene·

96 1119 221 1157 ratur
253 1115 574 1169 cystocarpium,
608 1114 754 1155 forma
785 1126 866 1155 sua
888 1112 1069 1167 propria
1092 1112 1193 1167 plus
1217 1111 1367 1153 minus
1391 1110 1666 1171 distinctum,

95 1200 187 1227 non
220 1190 397 1228 tantum
431 1184 580 1240 quoad
614 1198 742 1226 suan]
776 1183 1008 1238 originem,
1043 1196 1070 1224 a
1102 1182 1290 1225 diversis
1323 1182 1526 1237 partibus
1549 1182 1667 1223 fron-

96 1256 165 1299 dis
213 1257 261 1298 in
309 1256 408 1298 aliis
449 1255 667 1298 Florideis
709 1255 810 1310 plus
853 1254 1003 1295 minus
1037 1253 1267 1295 evidenter
1299 1253 1555 1302 formatum,
1591 1252 1669 1295 sed

96 1332 139 1370 et
187 1327 335 1383 quoad
385 1341 488 1369 suas
537 1327 704 1368 formas
747 1326 793 1367 in
841 1325 938 1367 aliis
971 1324 1111 1380 Typis
1144 1324 1334 1374 varium,
1370 1327 1413 1366 et
1443 1324 1669 1379 praecipue

95 1398 246 1454 quoad
280 1413 408 1440 suam
442 1401 713 1440 structuram
746 1397 793 1438 in
827 1396 1015 1439 diversis
1049 1395 1301 1437 Generibus
1329 1399 1372 1437 et
1395 1395 1507 1450 quin
1529 1395 1668 1437 immo

95 1470 298 1512 Familiis
346 1469 576 1513 diversum
625 1468 838 1511 obvenire
880 1481 1033 1523 posse;
1072 1466 1118 1508 id
1151 1465 1335 1521 quidem
1368 1465 1501 1508 hodie
1535 1465 1669 1508 nullis

96 1541 245 1584 dubiis
293 1555 452 1584 vacare
500 1545 719 1596 putarem.
797 1538 1049 1594 Cujnsnam
1097 1551 1202 1581 vero
1251 1536 1414 1580 valoris
1464 1537 1553 1579 sint
1601 1537 1670 1579 hae

96 1612 384 1663 differentiae,
433 1611 479 1654 id
526 1625 682 1655 revera
728 1610 851 1653 haud
899 1610 985 1651 nisi
1034 1609 1370 1665 comparatione
1424 1608 1666 1659 Generum,

76 1698 198 1740 vquae
245 1684 345 1739 jure
393 1683 450 1725 ad
497 1682 725 1725 Florideas
767 1681 986 1724 deducere
1019 1683 1287 1736 opporteret,
1321 1679 1484 1722 certius
1517 1693 1670 1721 eruen-

80 1755 206 1798 fdum
241 1758 460 1811 putarem.

241 1826 374 1876 Quod
406 1826 603 1882 primum
637 1825 796 1867 attinet
828 1828 977 1880 partes
1000 1823 1200 1866 diversas
1223 1822 1407 1873 frondis,
1431 1822 1478 1863 in
1504 1821 1669 1876 quibus

96 1897 366 1955 proveniant
413 1897 692 1953 cystocarpia
723 1921 780 1926 —
812 1909 934 1937 nunc
982 1896 1029 1936 in
1078 1894 1263 1936 definita
1310 1892 1505 1948 quadam
1545 1896 1669 1948 parte

96 1970 174 2013 vix
207 1983 384 2024 semper
416 1968 716 2018 obvenientia,
751 1971 794 2009 et
824 1980 945 2008 nunc
967 1965 1110 2022 plura,
1134 1979 1256 2007 nunc
1279 1964 1514 2020 sparsiora,
1540 1964 1669 2019 quasi

96 2054 177 2096 per
223 2039 432 2082 frondem
482 2039 559 2081 vix
606 2038 692 2081 alio
740 2042 818 2080 aut
865 2042 984 2080 certo
1033 2036 1230 2092 quodam
1276 2035 1409 2077 modo
1448 2038 1668 2078 mutatam

78 2111 228 2167 quasi
276 2125 431 2166 sparsa
477 2110 764 2165 (Gracilarice
808 2110 927 2164 Sp.);
976 2122 1099 2150 nunc
1147 2121 1252 2151 vero
1299 2107 1347 2148 in
1394 2106 1491 2149 aliis
1539 2106 1669 2149 certis

78 2183 227 2238 -quasi
261 2182 368 2224 locis
401 2181 530 2238 priva
567 2180 850 2237 (marginalia
881 2180 927 2222 in
967 2180 1168 2223 Ourdiaea
1199 2183 1277 2221 aut
1308 2178 1356 2219 in
1388 2181 1507 2219 certa
1539 2177 1668 2232 quasi

97 2260 223 2310 parte
270 2257 482 2309 generata
530 2253 922 2307 (Phacelocarpus),
973 2255 1016 2293 et
1061 2250 1124 2292 ita
1172 2263 1351 2304 quoque
1395 2248 1452 2290 ad
1494 2248 1669 2290 Genera

78 2324 404 2381 -dignosoenda
448 2325 663 2373 conferre,
697 2323 875 2366 facilius
917 2322 1205 2377 intelligatur.
1271 2319 1532 2362 Obveniunt
1564 2331 1668 2361 vero

98 2396 227 2452 Typi,
269 2396 315 2437 in
358 2395 523 2451 quibus
568 2400 716 2450 partes
750 2394 933 2445 steriles,
968 2393 1156 2448 aliaeque
1189 2389 1370 2441 fertiles,
1405 2390 1668 2447 adspectum

98 2468 160 2510 ita
208 2471 398 2517 mutant,
448 2470 497 2508 ut
544 2466 746 2521 plantam
795 2464 986 2507 eandem
1034 2464 1081 2505 in
1129 2463 1198 2506 his
1244 2461 1446 2517 partibus
1480 2460 1667 2504 diversis

98 2537 507 2593 recognoscendam
541 2551 636 2579 esse
669 2537 896 2592 quispiam
919 2536 1074 2577 forsan
1097 2534 1342 2576 dubitaret:
1382 2531 1668 2575 Martensiam

98 2609 251 2651 sistere
293 2608 516 2664 ejusmodi
559 2609 752 2650 formam
788 2606 1047 2650 meminisse
1080 2606 1236 2662 placet.
1303 2603 1349 2646 Si
1381 2617 1436 2645 ex
1468 2602 1668 2644 habitua-

98 2679 215 2722 libus
248 2684 325 2722 aut
357 2679 652 2722 exterioribus
685 2677 988 2734 congruentiis
1012 2676 1253 2718 affinitates
1277 2673 1531 2716 Martensiae
1554 2671 1668 2728 judi-

80 2755 320 2801 carentur,
365 2750 520 2793 Genus
565 2749 620 2791 ad
662 2749 898 2791 Cliftonias
931 2748 1140 2790 accedere
1172 2747 1326 2788 forsan
1358 2744 1535 2787 facilius
1568 2742 1666 2798 quis

100 2821 335 2875 putaverit,
387 2835 491 2863 cum
539 2821 608 2863 his
657 2834 838 2876 quoque
886 2818 1158 2861 conveniens
1206 2816 1298 2858 suis
1347 2813 1667 2871 sphaerosporis
