1779 3068
771 101 1066 142 ENDOGENIA.
1624 104 1692 141 121

134 223 341 279 gruentia
373 220 577 277 ejusdem
609 233 710 261 cum
746 218 843 259 aliis
875 218 1007 272 typis,
1043 232 1145 259 cum
1179 217 1343 272 quibus
1382 218 1583 259 frondem
1620 227 1701 259 ste-

136 294 264 336 rilem
312 291 552 334 convenire
600 294 800 345 putares;
850 288 1058 329 ramellos
1107 288 1150 329 in
1195 288 1278 329 hac
1312 295 1435 343 parto
1470 290 1703 330 fructifera

137 364 366 407 evidenter
408 361 676 409 articulatos,
711 359 910 401 articulis
949 358 1159 401 brevibus
1194 355 1558 414 monosiplioneis
1592 375 1700 400 vras-

137 434 343 478 siusculis
391 437 434 475 et
478 431 646 487 rigidis,
696 429 920 471 terminali
959 429 1146 471 articulo
1180 430 1223 470 in
1259 444 1447 471 acumen
1485 431 1701 484 producto

137 511 214 548 aut
266 502 619 546 Rhodomeleam
673 505 771 543 aut·
800 501 956 542 forsan
1010 501 1157 555 potius
1213 500 1465 555 Spyridiam
1517 501 1701 542 suadere

137 576 318 619 cuidam
350 576 502 616 forsan
537 572 785 621 videretur;
825 576 1082 626 comparata
1115 576 1262 613 autem
1300 577 1394 612 tum
1428 572 1525 625 ipsa
1559 572 1704 612 forma

135 647 351 690 exteriore
398 643 791 700 cystocarpiorum,
842 647 939 684 tum
988 646 1211 684 structura
1260 643 1418 690 nuclei,
1455 657 1542 683 non
1578 643 1701 697 potui

138 718 247 774 quin
294 718 363 759 his
401 728 582 771 quoque
616 713 883 756 ducentibus
917 713 1228 768 Endogeniam
1264 713 1416 754 sistere
1450 713 1602 754 Genus
1636 713 1700 754 sui

135 789 248 845 juris
282 787 544 843 suspicarer,
579 785 701 841 quod
726 799 829 827 vero
852 784 1033 826 cuinam
1058 784 1312 839 proximum
1339 784 1562 825 videretur
1587 798 1702 837 avg-re

137 858 481 915 dijudicandum
529 856 662 898 hodie
711 869 891 911 quoque
939 855 1145 897 lubenter
1181 869 1484 910 agnoscerem,
1519 860 1611 896 tum
1648 855 1703 895 ol)

134 931 312 986 ignotas
360 929 507 970 adhuc
555 927 900 983 sphaerosporas,
950 932 1044 968 tum
1096 926 1319 981 praecipue
1358 925 1573 967 suadente
1608 926 1703 979 ipso

136 1002 296 1043 nucleo
345 999 740 1055 cystocarpiorum,
790 998 920 1052 cujus
963 1002 1231 1039 structuram
1267 997 1502 1038 observare
1536 996 1700 1037 credidi

136 1076 255 1115 certo
287 1074 492 1126 respectu
526 1069 817 1111 abludentem
847 1068 902 1110 ab
925 1069 1023 1109 aliis
1050 1069 1157 1109 mihi
1182 1068 1370 1123 cognitis
1394 1067 1699 1108 Floridearum

137 1143 276 1198 Typis
310 1141 511 1184 diversis.

281 1212 443 1262 Qualia
495 1212 772 1267 cystocarpia
826 1211 1061 1253 observare
1115 1210 1281 1252 credidi
1331 1210 1517 1251 Generis
1566 1209 1702 1250 nostri

136 1284 394 1339 Endoyenfzssoe
442 1282 597 1325 eadem
647 1282 858 1323 obvenire
908 1281 997 1323 vidi
1047 1282 1093 1322 in
1143 1280 1367 1322 fasciculis
1411 1279 1700 1324 ramulorum,

137 1355 339 1412 plantam
388 1352 858 1409 Polysiphonioideam
908 1352 1239 1398 mentientibus,
1291 1366 1403 1405 quos
1451 1352 1570 1405 ipsos
1609 1351 1703 1391 sine

137 1426 293 1468 ordine
342 1425 454 1467 bene
503 1425 744 1479 conspicuo
777 1438 803 1465 a
836 1423 1062 1478 stipitibus
1106 1423 1201 1464 istis
1234 1448 1289 1452 ——
1325 1422 1521 1477 plantam
1558 1421 1702 1462 Graci-

135 1496 398 1539 larioideam
447 1510 527 1538 suo
575 1495 733 1537 habitu
773 1494 1069 1536 referentibus
1101 1519 1157 1524 —
1191 1497 1232 1536 et
1274 1494 1321 1534 in
1354 1493 1423 1533 his
1457 1492 1613 1547 (multo
1648 1498 1701 1532 te-

138 1567 387 1623 nuioribus)
436 1567 718 1622 sparsissirna
759 1570 911 1607 tamen
945 1579 1016 1607 me
1049 1565 1225 1607 vidisse.
1291 1564 1578 1618 Cystocarpia
1611 1563 1705 1604 haec

137 1652 233 1681 esse
281 1638 478 1688 ramulis,
529 1638 575 1679 in
624 1637 788 1692 quibus
837 1641 1020 1678 externa
1070 1636 1342 1690 proveniunt
1385 1634 1533 1675 saltim
1568 1633 1704 1688 duplo

138 1710 367 1755 crassiora,
417 1708 590 1750 ambitu
638 1713 771 1750 ovata
819 1714 861 1749 et
905 1708 987 1748 hoc
1023 1707 1154 1748 modo
1189 1711 1256 1748 sat
1288 1706 1539 1759 conspicua.
1607 1704 1704 1758 seg-

139 1785 292 1822 mento
336 1780 452 1821 iacto
495 1779 810 1834 longitudinali
845 1778 935 1820 vidi
971 1779 1268 1832 pericarpium
1304 1776 1534 1831 proprium
1570 1784 1704 1816 exter-

138 1866 264 1900 num,
299 1850 468 1893 cellulis
501 1849 998 1904 rotundato-angulatis,
1034 1849 1162 1903 quasi
1187 1847 1410 1903 duplicem
1436 1847 1595 1888 seriem
1623 1848 1706 1886 ἴοι·-

140 1922 380 1972 mantibus,
432 1922 491 1976 (at
537 1921 583 1962 in
629 1921 699 1962 his
732 1935 913 1976 quoque
946 1919 1286 1973 alternantibus)
1320 1922 1591 1959 contextum.
1628 1918 1707 1957 cel-

139 1993 241 2034 lulis
274 1992 503 2034 exterioris
537 1993 664 2034 seriei
698 1992 832 2047 paulo
866 1991 1115 2033 minoribus
1149 1997 1191 2032 et
1223 1991 1282 2030 ita
1324 1988 1706 2030 numerosioribus

138 2088 206 2095 —-
229 2064 377 2105 forma
424 2069 575 2105 tamen
622 2064 699 2106 vix
741 2063 943 2110 diversis,
977 2062 1074 2118 ipso
1108 2060 1404 2115 cai-postomio
1439 2059 1511 2100 vix
1549 2058 1707 2113 promi-

139 2134 246 2176 nulo
291 2140 335 2176 et
382 2149 542 2190 parum
590 2134 845 2190 conspicuo.
911 2133 1169 2175 Placentam
1208 2133 1254 2172 in
1287 2131 1378 2172 ima
1412 2137 1535 2185 parte
1569 2134 1707 2183 cyste-

140 2204 446 2261 carpii'ovati
495 2205 693 2257 basalem
744 2205 855 2253 vidi,
905 2205 1075 2247 cellulis
1125 2203 1329 2258 plurimis
1378 2201 1560 2242 densius
1609 2214 1705 2241 con-

140 2277 307 2333 junctis
355 2282 624 2327 contextam,
670 2277 715 2318 in
758 2277 907 2318 media
940 2291 1019 2317 sua
1054 2281 1177 2330 parte
1212 2275 1359 2328 ipsum
1396 2271 1600 2312 nucleum
1638 2285 1705 2310 ex—

141 2354 384 2397 serentem;
439 2353 482 2390 et
534 2348 649 2390 lianc
704 2348 954 2402 placentam
1011 2347 1092 2387 tilis
1141 2351 1394 2386 contextam
1445 2342 1703 2387 articulatis,

141 2433 334 2473 quorum
383 2419 556 2460 articuli
605 2419 785 2474 oblongi
836 2418 1061 2472 inferiores
1103 2430 1220 2466 saepe
1261 2414 1315 2455 ad
1353 2413 1541 2455 mediam
1578 2427 1705 2453 suam

140 2494 314 2545 partem
363 2491 577 2531 contracti
626 2491 843 2544 (utrisque
887 2489 1088 2543 apicibus
1132 2501 1233 2529 vei-‹⁷›
1269 2484 1494 2540 paulisper
1527 2484 1706 2536 inllatis)

141 2586 198 2590 —
232 2561 359 2615 quasi
393 2561 462 2602 his
496 2561 698 2616 apicibus
732 2560 817 2608 fila,
853 2572 1043 2613 superne
1078 2558 1297 2601 distincta,
1341 2556 1382 2595 in
1418 2554 1736 2613 inferioribus

143 2632 235 2673 suis
283 2632 486 2686 partibus
535 2631 846 2687 adproximata
893 2633 1184 2684 (quamquain
1220 2625 1578 2668 anastomosibus
1614 2639 1706 2678 pro-

144 2702 253 2757 priis
294 2702 504 2744 articulos
542 2703 814 2744 cohaerentes
848 2715 938 2742 non
977 2699 1080 2752 vidi)
1115 2724 1169 2727 fi—
1203 2696 1412 2738 articulos
1447 2710 1549 2737 vero
1583 2709 1706 2749 supe-

143 2773 282 2815 riores
317 2773 458 2828 magis
491 2773 718 2818 obovatos,
766 2786 845 2813 nec
879 2777 1026 2812 tamen
1064 2771 1143 2810 rite
1179 2768 1446 2823 pyriformes
1481 2766 1705 2812 dicendos,

142 2843 188 2884 in
237 2843 482 2898 gemmidia
531 2844 765 2892 abeuntes;
816 2842 1024 2883 articulos
1064 2839 1208 2881 nuclei
1244 2852 1398 2879 omnes
1432 2838 1557 2892 qnasi
1595 2837 1708 2877 intra
