1779 3068
712 125 1038 166 GRAOILAMAE.
1602 128 1659 168 53

746 241 796 264 Ψ*
831 242 1004 284 Fronde
1025 243 1238 296 ramisque
1254 244 1572 298 principalibus
1589 246 1660 287 vim

831 313 1049 365 conspicue
1078 315 1324 367 compressas
1345 319 1385 357 et
1405 316 1660 368 adpeti-enter

819 384 1111 438 filiformibus‘,
1174 386 1377 439 frondem
1435 388 1659 439 furcamm

830 455 1134 502 mentientibus,
1190 460 1237 497 at
1287 471 1432 499 revera
1485 457 1660 500 distiche

831 526 1148 577 decomposz'tam
1183 532 1218 568 ef
1250 528 1340 569 sacis
1372 529 1553 569 ramulis
1584 529 1658 570 mi-

830 597 1006 637 norilms
1037 611 1145 649 scepe
1167 598 1397 639 evidentius
1419 599 1660 640 secundatis

830 666 877 707 in
918 668 1266 721 ναυτζήσαΐίοηεηι
1297 670 1551 722 flabellatz'm
1593 684 1657 711 eft:-

824 751 1012 789 pansam
1047 739 1321 780 tendentibus.

121 833 158 873 7.
231 832 314 873 GR.
350 831 718 872 RAMALINOIDES
752 831 794 874 J.
832 832 912 885 Ay.
947 846 1067 874 mser.
1089 831 1139 886 ³²).

88 978 286 1008 structurae
313 974 502 1008 interioris
530 973 811 1008 characteribus
838 975 966 1007 forsan
993 974 1039 1007 ad
1075 974 1137 1007 Grr.
1166 974 1455 1009 Confervoidem
1484 977 1658 1009 acceden-

87 1037 175 1075 tem,
204 1037 243 1067 at
267 1045 337 1067 sua
362 1033 646 1067 ramificationis
674 1044 807 1067 norma
833 1033 1038 1066 admodum
1065 1033 1266 1075 diversam,
1294 1045 1406 1076 quam
1435 1034 1473 1067 in
1494 1034 1659 1078 Εμίσνιῖεὲ

88 1094 369 1127 characteribus
412 1093 720 1127 circumscribere
763 1095 920 1126 conatus
964 1103 1066 1133 sum,
1117 1092 1155 1125 id
1198 1093 1312 1125 nullis
1355 1093 1480 1126 dubiis
1525 1105 1657 1127 vacare

88 1156 274 1195 putarem.

232 1212 401 1255 Speciem
442 1212 540 1245 hanc
580 1222 663 1245 esse
701 1211 772 1245 rite
811 1211 1033 1245 orientalem
1063 1230 1103 1234 —-
1132 1211 1351 1253 primariam
1390 1222 1437 1245 ex
1475 1213 1569 1246 Java
1602 1212 1660 1245 de-

88 1271 223 1314 scripsi
250 1290 293 1294 ——
321 1273 359 1304 et
396 1271 484 1304 dein
523 1271 682 1304 eandem
722 1281 782 1304 me
822 1271 1002 1304 habuisse
1041 1281 1087 1303 ex
1121 1271 1281 1304 diversis
1310 1270 1401 1303 locis
1429 1271 1544 1304 Novae
1573 1272 1660 1304 Hol-

88 1330 225 1364 landiae
263 1330 452 1364 calidioris
489 1330 775 1373 (Queensland);
815 1333 896 1363 tum
937 1340 984 1363 ex
1024 1330 1130 1363 Nova
1167 1330 1346 1363 Zelandia
1373 1329 1485 1363 hodie
1512 1341 1661 1372 quoque

88 1390 226 1423 addere
254 1390 386 1432 placet.

232 1450 340 1482 Hanc
368 1449 538 1491 Speciem
566 1449 619 1482 ita
645 1448 876 1482 intellectam
905 1459 988 1482 esse
1014 1448 1366 1491 Macrocysffideam,
1397 1448 1542 1482 cellulis
1570 1448 1660 1482 inte<

88 1508 250 1542 rioribus
277 1511 336 1542 sat
362 1508 509 1550 magnis
529 1527 572 1530 —
592 1511 630 1541 at
655 1508 695 1541 in
722 1508 851 1550 planta
877 1508 1050 1542 breviore
1077 1512 1114 1541 et
1132 1508 1179 1541 ad
1198 1508 1352 1541 modum
1372 1508 1518 1541 fruticis
1540 1508 1660 1550 magis

88 1567 303 1610 corymbosi
330 1567 584 1601 excrescentis
612 1567 727 1600 nullis
754 1568 863 1609 quasi
890 1578 985 1610 opus
1013 1578 1097 1601 esse
1124 1567 1281 1610 cellulis,
1318 1567 1355 1600 in
1383 1578 1524 1609 organa
1550 1567 1657 1609 quasi

87 1627 300 1660 vesiculosa
326 1626 643 1667 excrescentibus,
671 1627 846 1660 lubenter
872 1627 1123 1661 meminerim.
1173 1628 1226 1660 Ex
1254 1627 1371 1660 altera
1397 1630 1523 1660 autem
1553 1629 1658 1669 parte

88 1686 243 1720 cellulas
282 1686 452 1729 ejusdem
488 1686 634 1719 frondis
667 1687 739 1719 sub
771 1686 894 1720 stadio
927 1697 996 1719 suo
1024 1686 1277 1720 Lichenoideo
1305 1686 1513 1729 parietibus
1540 1686 1660 1719 firmis

88 1749 125 1779 et
163 1745 312 1779 facilius
351 1745 514 1779 invicem
554 1745 757 1788 disjunctis
797 1750 834 1779 et
873 1746 1053 1788 expansis
1090 1746 1271 1779 obvenire
1307 1748 1365 1779 sat
1396 1756 1563 1787 magnas,
1592 1750 1661 1778 sua

87 1806 259 1839 conferre
285 1805 422 1838 debere
449 1805 495 1838 ad
523 1804 694 1848 Speciem
722 1805 791 1838 ritc
819 1805 1117 1847 intelligendam,
1147 1815 1212 1848 per
1238 1815 1278 1838 se
1306 1808 1419 1847 patet.

231 1864 417 1898 Rachides
444 1864 589 1897 frondis
618 1868 753 1907 praeter
779 1875 902 1898 ramos
933 1865 1114 1907 proprios,
1147 1865 1361 1898 conformes
1389 1868 1425 1896 et¹
1451 1864 1658 1902 elongatos,

88 1934 190 1957 nunc
228 1923 371 1957 obsitas
406 1924 483 1957 vidi
516 1924 635 1957 denso
669 1924 820 1965 agmine
846 1924 1086 1957 ramellorum
1116 1923 1470 1959 minutissim‹urum,
1499 1933 1660 1964 quoquo-

88 1993 240 2017 versum
285 1983 577 2025 egredientium,
627 1994 721 2025 quos
764 1983 931 2016 ramellis
973 1982 1321 2026 sphaerosporit'eris
1365 1982 1470 2014 initia
1514 1981 1659 2020 sistere,

87 2042 358 2085 suspicandum
400 2043 492 2076 mihi
532 2043 717 2085 adparuit.
768 2044 813 2076 In
846 2043 1055 2086 specimine
1090 2042 1397 2085 cystocarpiifero
1424 2040 1659 2083 cystocarpia

89 2102 165 2135 vidi
204 2102 286 2135 sine
324 2102 456 2135 ordine
494 2102 712 2144 conspicuo,
747 2106 785 2135 at
816 2113 917 2145 saepe
949 2112 1152 2135 numerosa
1177 2102 1215 2133 in
1243 2100 1357 2133 ramis
1385 2100 1658 2142 adproximata,

88 2161 291 2194 admodum
319 2161 534 2204 prominula
560 2164 598 2194 et
624 2162 702 2194 t'ere
730 2161 854 2195 valida
880 2161 1051 2201 dicenda,
1086 2163 1313 2193 structuram
1343 2159 1500 2192 Generis
1528 2162 1569 2191 ut
1597 2169 1658 2201 pu-

88 2223 205 2253 tarem
236 2220 445 2254 offerentia.

232 2278 265 2321 ²⁸)
291 2279 373 2320 Quo
413 2280 524 2313 modo
563 2279 626 2313 Gr.
654 2279 923 2313 Lichenoidem
963 2279 1041 2311 suis
1081 2278 1195 2311 ramis
1231 2278 1379 2310 inferne
1407 2277 1659 2316 filiformibus,

88 2339 135 2372 ab
174 2339 282 2372 initio
321 2339 501 2379 carnosis,
540 2339 694 2372 demum
734 2338 1009 2377 Lichenoideis,
1049 2341 1087 2370 at
1126 2337 1196 2370 sub
1237 2340 1395 2378 utroque
1431 2336 1660 2369 evolutionis

88 2398 212 2431 stadio
248 2397 287 2430 in
323 2398 515 2440 apiculum
547 2401 700 2431 tenuem
728 2398 942 2430 filiformem
972 2396 1271 2435 excurrentibus,
1299 2407 1367 2429 suo
1396 2395 1527 2428 habitu
1557 2395 1659 2427 inno-

88 2468 197 2491 cuam
225 2457 415 2497 obvenire,
444 2457 536 2490 alias
564 2457 714 2499 Species
742 2457 988 2499 comparanti,
1016 2467 1108 2498 quas
1136 2458 1300 2488 armatas·
1323 2454 1413 2495 dixi,
1436 2454 1488 2487 ita
1512 2464 1661 2496 quoque

89 2516 272 2560 Speciem,
311 2526 424 2558 quam
464 2516 576 2549 hodie
617 2514 682 2549 Gr.
713 2515 984 2549 Ranmlinoides
1023 2515 1177 2548 nomine
1213 2514 1486 2556 designandam
1517 2513 1660 2556 putavi,

88 2576 291 2610 innocuam
331 2575 506 2616 dicerem,
546 2576 828 2618 comparatione
866 2576 965 2608 facta
1007 2585 1092 2608 cum
1136 2574 1220 2607 aliis
1265 2573 1469 2616 Speciebus
1510 2572 1660 2615 proprie

88 2635 256 2669 armatis.

231 2695 328 2727 Dum
358 2704 445 2728 vero
472 2694 510 2727 in
541 2692 606 2727 Gr.
630 2693 846 2727 Lichenoz'de
873 2692 930 2735 (J.
951 2692 1037 2737 Ay.)
1058 2683 1160 2726 ¹rami
1187 2702 1491 2735 quoquoversum
1520 2694 1663 2724 exeunt

89 2757 127 2787 et
161 2753 243 2787 sine
276 2754 373 2787 bene
409 2753 614 2796 conspicuo
642 2753 773 2786 ordine
800 2752 1067 2795 provenientes
1095 2752 1311 2795 adpareant,
1339 2754 1458 2784 totam
1486 2750 1661 2784 frondem

89 2813 129 2846 in
170 2812 234 2847 Gr.
262 2812 518 2847 Ramalinoide
556 2812 671 2845 ramis
710 2812 789 2845 suis
829 2812 984 2845 turcatis
1024 2811 1281 2845 dichotomam
1321 2810 1496 2849 dicerem,
1530 2813 1595 2843 aut
1621 2809 1660 2842 in

89 2872 223 2906 fronde
261 2873 381 2914 magis
420 2872 680 2915 decomposita
727 2872 773 2905 ad
816 2871 1105 2913 dispositionem
1144 2869 1423 2912 quodammodo
1464 2869 1660 2911 pinnatam
