1779 3068
712 113 1038 154 GrnAmLARIAE.
1603 113 1659 152 75

378 230 557 272 Tamus
591 230 668 272 ΠΙ.
733 229 1036 272 INTERMEDIAE
1074 230 1308 284 frondibus
1342 230 1415 271 ΜΖ]
1445 229 1662 282 conspicue

523 301 780 355 compressis,
807 301 1113 343 teretiusculam
1128 300 1331 355 frondem
1353 300 1661 350 mentientibus,

522 371 749 413 distichum
790 375 928 413 tamen
959 370 1288 425 ranzificationis
1318 385 1510 412 nor-mam
1542 371 1663 412 indu-

521 441 683 483 entibus
713 441 926 494 ramisque
948 456 976 482 a
996 441 1266 493 submaryine
1297 441 1544 482 exeuntibus
1565 441 1663 495 fere

519 511 768 563 flabellatim
826 511 1028 563 escpansis
1091 510 1253 565 Typum
1306 510 1389 552 sibi
1435 511 1663 563 proprium

521 581 850 625 vindicantibus.

96 681 165 722 30.
236 679 319 720 Gn.
345 691 582 719 RADIOANS
606 677 774 718 Hauclc.
801 675 940 730 (Spec.
962 689 1016 716 ex
1041 674 1331 729 Madagascar
1349 680 1392 716 et
1413 674 1661 728 Ceylon)²“).

96 775 165 816 31.
237 773 321 815 GR.
356 772 523 813 ΡΟΙΤΕῙ
558 772 758 812 Lamour.
803 769 892 825 (Sp.
927 784 982 811 ex
1024 768 1162 810 Insul.
1197 768 1294 810 Iud.
1329 768 1661 823 occi‹le11t.)*²⁴²).

240 904 273 948 5⁶)
298 905 401 938 Inter
440 903 591 947 Species
629 913 699 936 sua
737 901 922 935 affinitate
957 901 1077 943 magis
1105 900 1326 934 collidentes
1354 899 1528 933 lubenter
1556 898 1664 933 Grac.

95 964 332 1007 radicantem,
370 963 520 1006 qualem
560 963 657 995 hanc
693 961 979 1003 intelligendam
1011 963 1196 1003 putarem,
1223 959 1399 992 dicerem.
1452 958 1667 1001 Specimina

97 1034 181 1067 quae
213 1024 261 1057 ab
293 1024 456 1056 Auctore
488 1022 577 1055 data
603 1020 718 1054 habui
745 1020 847 1053 haud
875 1020 928 1053 ita
953 1019 1142 1061 completa
1168 1021 1211 1051 ut
1236 1018 1282 1051 de
1309 1018 1495 1051 affinitate
1522 1017 1666 1060 Speciei

96 1083 235 1117 certius
260 1082 431 1126 judicare
457 1081 646 1115 auderem.
691 1080 893 1121 Segmento
920 1079 1020 1112 facto
1046 1077 1291 1111 transversali
1319 1077 1473 1110 cellulas
1494 1076 1665 1118 ejusdem

95 1142 174 1177 vidi
213 1141 292 1175 suis
331 1140 540 1184 parietibus
576 1139 756 1173 flexuosis
790 1138 864 1171 late
897 1140 1047 1180 apertas
1074 1137 1153 1170 fere
1180 1136 1300 1178 magis
1327 1135 1553 1169 affinitatem
1581 1146 1665 1168 cum

95 1200 397 1244 Microcystideis
437 1199 641 1242 Speciebus
681 1198 903 1231 indicantes.
956 1196 1014 1230 Ad
1052 1196 1221 1238 Speciem
1250 1195 1526 1235 Haucfflanam,
1553 1205 1666 1236 quam

96 1261 144 1294 ad
169 1260 415 1303 Madagascar
440 1259 576 1292 lecta-m
602 1258 791 1297 novimus,
819 1256 1007 1299 pertinere
1033 1255 1205 1298 suspicor
1224 1255 1405 1297 plantam,
1425 1254 1497 1287 sub
1517 1264 1578 1287 n:o
1599 1253 1664 1286 121

96 1330 119 1353 a
144 1320 338 1362 Ferguson
365 1329 411 1352 ex
438 1317 606 1361 Ceylona
632 1316 886 1355 distributam,
919 1315 1028 1357 cujus
1055 1314 1265 1357 specimina
1290 1313 1360 1346 rite
1387 1313 1539 1346 evoluta
1565 1322 1668 1346 accu-

96 1379 216 1413 ratius
255 1378 474 1412 examinare
512 1377 632 1415 licuit;
673 1376 713 1409 in
750 1375 809 1408 his
842 1378 1004 1408 stratum
1031 1373 1198 1407 exterius
1225 1372 1370 1405 frondis
1397 1372 1560 1414 amplius
1587 1382 1669 1404 evo-

98 1439 219 1472 lutum
258 1438 333 1471 tale
372 1437 460 1477 vidi,
488 1436 598 1479 quale
636 1435 730 1468 illud
768 1435 807 1467 in
847 1434 978 1477 Specie
1012 1432 1235 1466 Hauckiana
1265 1431 1476 1469 observavi,
1505 1434 1541 1463 at
1569 1430 1667 1463 intra

98 1498 170 1531 hoc
208 1500 369 1530 stratum
408 1496 448 1529 in
485 1495 636 1539 juniore
674 1494 805 1537 planta
842 1493 996 1527 cellulas
1036 1502 1175 1535 paucas
1213 1490 1289 1524 vidi
1320 1493 1480 1523 stratum
1508 1489 1667 1522 interius

98 1557 291 1591 diversum
330 1556 558 1593 indicantes;
604 1564 697 1596 quas
736 1563 885 1596 quoque
925 1551 1043 1594 magis
1083 1551 1204 1584 obiter
1243 1550 1409 1592 plantam
1451 1548 1667 1581 observanti

97 1616 247 1650 facilius
286 1614 629 1658 praetermittendas
664 1615 823 1656 putaret.
874 1613 919 1644 In
946 1611 1077 1654 planta
1102 1621 1190 1643 vero
1219 1609 1337 1651 magis
1365 1608 1526 1643 evoluta,
1555 1618 1669 1649 quam

99 1685 249 1719 quoque
289 1674 408 1716 magis
447 1673 730 1715 cartilagineam
769 1672 933 1705 dicerem
972 1674 1009 1703 et
1047 1679 1197 1712 quoque
1230 1668 1349 1710 magis
1377 1667 1668 1709 complanatam,

98 1737 260 1769 stratum
287 1734 447 1767 interius
474 1732 551 1767 vidi
579 1742 728 1774 quoque
755 1730 991 1774 amplissime
1009 1729 1205 1763 evolutum
1224 1730 1262 1761 et
1280 1728 1351 1760 hoc
1370 1726 1515 1760 cellulis
1536 1726 1671 1768 plecto-

101 1794 281 1837 cystideis
319 1792 548 1826 densissime
586 1790 802 1824 intertextis
842 1789 1104 1823 constitutum.
1156 1787 1193 1820 Si
1231 1786 1345 1828 igitur
1377 1785 1545 1828 plantam
1575 1785 1670 1817 hanc

101 1852 377 1896 Ceylonensem
412 1863 497 1885 cum
533 1851 665 1894 Specie
697 1848 1004 1891 Madagascarica
1029 1847 1233 1880 identicam
1259 1845 1342 1888 jure
1370 1844 1607 1878 considerare
1634 1843 1672 1876 li-

102 1916 214 1954 ceret,
254 1913 352 1946 hanc
391 1911 560 1954 Speciem
598 1910 725 1953 potius
753 1913 1023 1952 congruentem
1051 1909 1223 1949 putarem
1251 1916 1335 1938 cum
1365 1903 1568 1946 Speciebus
1596 1902 1672 1944 qui-

101 1972 276 2012 busdam,
315 1981 385 2005 sua
418 1971 541 2004 forma
572 1969 718 2003 frondis
745 1972 782 2002 et
808 1967 1092 2001 ramificationis
1120 1975 1253 1998 norma
1279 1964 1398 2005 magis
1426 1963 1472 1996 ad
1501 1962 1671 2004 Speciem

104 2041 127 2065 a
153 2041 214 2064 me
232 2030 323 2064 olim
341 2030 414 2064 sub
431 2029 586 2063 nomine
605 2029 668 2063 Gr.
688 2028 859 2062 distichae
878 2026 1107 2069 descriptam
1127 2022 1468 2067 adproximandam
1488 2025 1672 2064 putarem.

248 2088 313 2124 Gr.
352 2088 594 2131 radicantem,
634 2088 784 2131 qualem
824 2097 907 2120 eam
946 2085 1158 2126 intelligere
1196 2082 1337 2126 putavi,
1382 2081 1513 2114 fronde
1553 2079 1671 2121 magis

102 2149 342 2193 cylindracea
368 2152 405 2182 et
430 2151 580 2182 tantum
606 2147 740 2181 leviter
766 2155 994 2189 compressa,
1029 2144 1184 2186 suisque
1211 2141 1325 2175 ramis
1354 2140 1472 2181 magis
1501 2142 1673 2181 patenter

82 2208 261 2242 »furcatis
287 2208 506 2242 distinctam
533 2210 615 2241 tum
642 2207 689 2240 ab
716 2206 790 2240 alia
817 2205 959 2248 Specie,
987 2214 1099 2246 quam
1126 2201 1191 2235 Gr.
1211 2199 1455 2242 Fastiyiatam
1482 2198 1572 2235 dixi,
1592 2201 1670 2230 tum

104 2278 126 2302 a
153 2268 285 2311 Specie
309 2267 536 2311 jamdudum
563 2277 584 2300 a
610 2277 670 2299 me
697 2265 897 2308 descripta,
925 2263 1079 2297 nomine
1108 2260 1173 2295 Gr.
1195 2258 1355 2293 distichoe
1381 2257 1570 2297 distincta,
1597 2256 1672 2297 qui-

104 2328 177 2362 bus
216 2327 394 2361 omnibus
432 2326 780 2360 characteristicum
820 2325 995 2360 dicerem,
1035 2321 1189 2355 cellulas
1225 2319 1327 2361 ipsas
1360 2315 1672 2358 ple‹=t‹›cysti‹leas

105 2387 241 2421 mediae
280 2386 427 2420 frondis
464 2385 590 2419 minus
621 2384 847 2428 conspicuas
874 2382 1065 2419 obvenire,
1093 2377 1319 2421 comparatis
1347 2375 1491 2409 cellulis
1518 2374 1673 2407 exterio—

105 2447 222 2488 ribus,
255 2456 414 2488 quarum
450 2445 612 2488 parietes
644 2444 834 2477 flexuosas
861 2442 1005 2475 lumina
1033 2441 1164 2473 harum
1193 2437 1411 2470 cellularum
1440 2433 1587 2466 facilius
1615 2443 1674 2465 ex-

106 2516 226 2550 pansa
252 2505 472 2548 adspectum
501 2504 672 2547 praebent
698 2503 843 2546 Speciei
871 2500 990 2543 magis
1018 2499 1065 2532 ad
1091 2498 1153 2530 Gr.
1180 2504 1433 2538 ‹xmnpressam
1472 2491 1672 2525 tendentis.

250 2563 307 2607 ³⁶³³)
335 2562 400 2597 Gr.
419 2562 548 2604 Poitez‘,
567 2573 681 2605 quam
708 2573 809 2596 nunc
828 2561 905 2595 vidi
932 2570 1001 2593 sua
1027 2555 1243 2591 substantia
1270 2553 1388 2595 magis
1413 2561 1570 2585 carnosa
1588 2561 1673 2583 cum

107 2624 170 2659 Gr.
198 2624 391 2657 radicante
429 2626 489 2656 sat
527 2622 828 2661 convenientem,
870 2630 970 2653 nunc
1006 2621 1043 2650 et
1068 2616 1207 2658 saepius
1234 2624 1304 2646 sua
1329 2610 1541 2645 substantia
1570 2609 1674 2642 carti-

106 2684 255 2727 laginea
293 2682 603 2726 dignoscendam,
642 2681 874 2723 ramulisque
913 2688 1028 2720 supra
1061 2675 1186 2718 apices
1214 2682 1403 2709 ramorum
1431 2669 1586 2703 densius
1613 2668 1674 2701 sti-

107 2744 206 2787 patis
245 2742 398 2776 demum
438 2741 619 2775 obvenire
658 2741 697 2774 in
735 2751 804 2773 suo
843 2738 973 2781 stipite
1011 2738 1087 2769 fert¹
1121 2734 1497 2775 globoso-expansam
1533 2728 1578 2761 ad
1612 2727 1674 2760 Gr.

106 2803 339 2837 radicantem
367 2801 554 2835 affinitate
572 2801 784 2844 proximam
806 2809 899 2837 esse,
919 2806 1067 2838 <imoque
1086 2804 1155 2826 sua
1173 2794 1361 2825 structura
1380 2787 1674 2832 plect‹›c)=·sti‹lea

108 2872 194 2896 cum
223 2862 292 2895 hac
319 2860 532 2900 convenire,
560 2860 673 2893 hodie
700 2868 849 2900 quoque
877 2854 1069 2889 monuisse
1098 2852 1229 2894 placet.
