1779 3068
111 69 169 109 64
739 64 1058 107 GRACILARIAE.

111 186 214 218 ribus
243 195 285 218 eo
314 185 496 226 majorem
523 185 599 217 vim
628 183 908 217 attribuendam
936 194 1020 217 esse
1046 185 1268 227 suspicarer.
1313 185 1349 218 Si
1377 185 1492 228 igitur
1514 185 1682 220 sectione

112 245 211 277 facta
239 243 505 285 longitudinali
533 243 679 276 frondis
706 243 908 276 observare
934 243 1075 276 credidi
1103 244 1142 276 in

115 349 181 384 Gr.
211 350 413 384 incrustata
449 350 605 384 cellulas
638 351 835 384 interiores
863 361 946 384 esse
971 362 1041 384 suo
1067 351 1252 384 diametro
1279 352 1523 385 transversali
1549 363 1682 395 parum

254 410 454 452 longiores,
493 410 639 443 ambitu
678 410 900 444 rotundatas
937 414 974 443 et
1004 411 1057 444 ita
1082 410 1168 443 laxe
1194 415 1480 444 concrescentes
1507 414 1549 444 ut
1574 410 1683 444 cellu-

254 469 376 502 larum
403 469 566 512 parietes
593 479 694 512 saepe
721 469 828 511 quasi
856 469 1019 503 invicem
1047 469 1229 511 disjuncti
1256 473 1292 503 et
1319 470 1543 512 ambagibus
1570 470 1682 504 flexu-

255 529 331 561 osis
359 529 473 562 cincti
502 528 720 571 adpareant.

104 633 179 669 Gr.
211 637 328 677 tenax,
356 647 430 678 quo
458 636 612 669 nomine
639 636 810 678 Speciem
838 636 1111 669 occidentalem
1137 637 1375 679 designatam
1395 636 1509 679 volui,
1530 636 1684 670 cellulas

258 696 456 728 interiores
492 695 649 737 frondis,
682 696 849 728 sectione
876 695 1142 737 longitudinali
1170 696 1315 729 frondis
1343 696 1574 738 observatas,
1602 706 1685 729 esse

255 765 324 787 suo
351 755 535 788 diametro
562 755 806 788 transversali
842 755 954 798 triplo
980 755 1169 797 longiores
1197 758 1234 789 et
1260 756 1313 789 ita
1338 755 1496 788 firmiter
1522 755 1685 789 invicem

254 817 449 847 concretas
489 818 531 848 ut
570 818 699 848 mutua
740 815 936 857 pressione
975 814 1119 848 cellulae
1152 815 1244 857 ipsae
1272 815 1480 858 adpareant
1504 814 1686 857 (sectione

256 878 336 906 tum
364 873 641 916 longitudinali,
670 878 749 907 tum
777 874 1021 907 transversali
1048 874 1194 907 frondis
1221 873 1445 915 observatae)
1477 874 1547 907 rite
1574 884 1686 916 angu-

258 933 353 966 latae.
417 933 700 975 Longitudinali
751 934 851 966 facta
899 933 1067 967 sectione
1110 933 1256 966 frondis
1300 933 1443 967 cellulae
1488 933 1686 966 interiores

256 993 537 1034 rectangulares
583 993 800 1035 adpareant,
847 996 1027 1026 contentu
1068 993 1269 1035 granuloso
1308 993 1535 1035 adparenter
1573 992 1686 1033 cylin-

255 1052 389 1085 draceo
419 1071 459 1074 —
488 1056 525 1085 et
563 1052 800 1094 longitudine
838 1063 907 1085 sua
946 1053 1173 1085 diametrum
1212 1053 1291 1085 fere
1330 1052 1443 1095 triplo
1482 1054 1686 1094 superante

256 1111 450 1145 instructae
479 1131 521 1134 —
550 1112 754 1153 cinguntur
791 1112 883 1154 ipsae
922 1112 1031 1154 quasi
1070 1112 1292 1145 membrana
1327 1111 1482 1154 hyalina
1518 1111 1685 1151 dilatata,

256 1171 465 1213 parietibus
493 1171 825 1204 concrescentibus
852 1171 1063 1204 vicinarum
1090 1171 1311 1204 cellularum
1338 1171 1556 1204 constituta.

257 1278 495 1320 Quamquam
522 1278 594 1311 hoc
622 1278 733 1311 modo
760 1278 799 1310 in
826 1281 1023 1320 segmento
1049 1278 1315 1319 longitudinali
1343 1280 1574 1311 structuram
1603 1278 1688 1320 Spe-

111 1337 182 1370 ciei
210 1336 441 1371 occidentalis
468 1348 488 1369 a
516 1337 646 1379 Specie
673 1336 843 1370 orientali
870 1337 1074 1379 conspicue
1100 1337 1287 1370 diversam
1317 1337 1539 1379 dignoscere
1563 1336 1685 1377 liceat,

112 1400 241 1430 tamen
280 1396 432 1429 easdem
472 1397 639 1429 sectione
679 1396 923 1430 transversali
962 1396 1182 1429 observatas
1221 1396 1273 1429 ita
1312 1399 1566 1438 congruentes
1594 1395 1688 1429 mihi

114 1456 345 1498 adparuisse,
386 1458 428 1489 ut
466 1466 580 1489 unam
621 1456 856 1497 eandemque
896 1455 1068 1498 Speciem
1098 1474 1139 1478 —
1167 1458 1204 1488 et
1242 1456 1339 1488 hanc
1379 1455 1518 1488 eximie
1558 1455 1686 1488 micro-

113 1515 321 1558 cystideam
352 1534 393 1538 -—
422 1515 570 1548 facilius
604 1516 688 1557 quis
721 1518 953 1557 agnosceret,
989 1515 1061 1548 nisi
1089 1525 1204 1548 unam
1231 1515 1439 1557 parietibus
1468 1514 1687 1547 cellularum

113 1575 294 1608 flexuosis
322 1578 359 1608 et
386 1575 492 1617 quasi
520 1575 682 1608 invicem
712 1575 838 1608 minus
866 1578 967 1608 arcte
998 1574 1213 1617 conjunctis
1246 1574 1366 1616 (quasi
1394 1574 1602 1616 parietibus
1630 1573 1688 1606 ad-

114 1635 188 1668 huc
227 1634 448 1676 gelatinosis
487 1638 726 1675 contextam,
768 1638 832 1668 aut
870 1634 1056 1668 dissoluta
1094 1633 1373 1676 quodammodo
1412 1634 1495 1676 ipsa
1534 1633 1688 1675 parietis

113 1694 329 1727 substantia
356 1694 530 1733 ortaln‘?);
559 1695 713 1727 alterius
742 1705 830 1728 vero
857 1694 1011 1728 cellulas
1039 1694 1202 1727 invicem
1230 1693 1370 1726 arctius
1390 1695 1585 1726 concretas
1604 1692 1688 1734 quis

114 1756 335 1786 assumeret.
389 1754 459 1787 Sed
501 1754 671 1796 Speciem
712 1754 764 1787 ita
802 1754 1032 1787 intellectam
1067 1764 1113 1786 ex
1151 1753 1268 1786 altera
1294 1755 1399 1795 parte
1427 1761 1576 1794 quoque
1603 1761 1688 1784 cum

114 1813 176 1846 Gr.
207 1813 435 1856 Harveyana
464 1833 505 1836 —-
534 1814 673 1856 pariter
699 1813 989 1857 microcystidea
1015 1816 1052 1846 et
1078 1813 1223 1846 cellulis
1250 1813 1330 1845 suis
1364 1811 1690 1853 longitudinaliter

115 1873 299 1915 elongatis
327 1873 507 1906 distincta
535 1893 576 1895 —
605 1873 689 1906 aliis
726 1873 1006 1906 characteribus
1038 1873 1090 1906 ita
1117 1872 1312 1906 evidenter
1338 1872 1527 1905 diversam
1554 1880 1614 1903 me
1640 1869 1687 1903 vi-

115 1933 216 1966 disse
256 1936 358 1975 puto,
399 1936 440 1966 ut
478 1933 582 1966 nulla
621 1933 776 1966 omnino
816 1933 932 1966 dubia
970 1933 1016 1966 de
1055 1932 1276 1966 diversitate
1309 1931 1443 1964 harum
1472 1929 1688 1973 Specieruin

115 1992 208 2025 mihi
237 2003 459 2035 permanere
486 1992 661 2025 lubenter
687 2003 943 2034 agnoscerem.

258 2052 313 2085 De
329 2052 461 2094 Specie
476 2051 699 2085 occidentali
715 2054 892 2085 caeterum
909 2051 1052 2084 dixisse
1068 2050 1370 2094 placet,eandem
1386 2059 1461 2082 una
1476 2059 1561 2082 cum
1579 2047 1690 2081 medi-

116 2114 289 2144 terranea
306 2109 370 2145 Gr.
384 2111 479 2144 (lura
497 2115 535 2144 et
553 2111 725 2144 orientali
744 2110 881 2144 Gracil.
894 2110 1098 2144 incrustata
1116 2109 1318 2143 convenire
1332 2109 1416 2142 aliis
1432 2107 1690 2141 habitualibus

115 2171 409 2212 characteribus,
437 2171 575 2213 quibus
609 2170 811 2204 australem
846 2170 965 2213 magis
993 2169 1211 2203 distinctam
1239 2169 1364 2202 saltim
1393 2167 1604 2210 saepissime
1631 2176 1690 2199 me

119 2231 258 2264 vidisse
277 2231 451 2264 dicerem.
492 2231 550 2263 Ita
568 2230 657 2263 dum
678 2230 882 2263 australem
903 2230 1072 2272 Speciem
1095 2228 1180 2271 (Gr.
1201 2227 1481 2272 Harveyanam)
1500 2226 1689 2269 juniorem

116 2291 256 2333 saepius
284 2290 361 2324 vidi
388 2289 626 2332 longitudine
653 2290 798 2323 t‘rondis
818 2289 916 2323 ultra
934 2289 1070 2332 pedali,
1090 2290 1314 2331 Europaeam
1334 2287 1396 2321 Gr.
1418 2285 1690 2320 Confervoides

117 2354 329 2392 aequantem
359 2353 395 2382 et
421 2351 513 2392 quin
540 2349 657 2382 immo
683 2352 939 2391 superantem,
968 2349 1119 2391 Species
1147 2347 1239 2397 alias
1260 2366 1302 2370 —
1323 2346 1477 2379 nomine
1505 2345 1566 2379 Gr.
1588 2344 1690 2378 durae

117 2409 412 2451 comprehensas
441 2427 484 2430 —
512 2408 685 2450 caespites
713 2408 922 2441 formantes
949 2407 1089 2450 saepius
1116 2406 1209 2440 4—ss
1238 2405 1451 2449 pollicares;
1493 2404 1692 2438 individua

118 2469 252 2501 horum
280 2467 424 2500 sterilia
450 2470 562 2509 atque
589 2467 898 2510 cystocarpiit'era
923 2477 1006 2509 quae
1024 2466 1113 2507 vidi,
1133 2466 1203 2499 rite
1221 2465 1365 2507 teretia,
1385 2474 1689 2506 quoquoversum

118 2528 429 2560 furcam-ramosa
467 2526 645 2565 dicerem3
686 2526 775 2559 dum
813 2526 1010 2560 individua
1040 2524 1377 2568 sphaerosporifera
1415 2523 1494 2556 suis
1535 2522 1690 2556 ramulis

118 2587 335 2620 secundatis
375 2578 571 2628 instructa,
613 2580 685 2619 h'oc
723 2586 939 2619 charactere
978 2584 1263 2618 ramificationis
1302 2582 1508 2616 admodum
1541 2582 1692 2616 diversa

119 2646 267 2679 cuidam
309 2646 537 2679 viderentur.
590 2646 699 2678 Hanc
737 2645 1023 2678 ramificationis
1062 2654 1246 2685 normam,
1285 2642 1430 2676 iteratis
1469 2640 1618 2675 vicibus
1652 2641 1691 2673 in

119 2705 182 2738 Gr.
210 2705 333 2738 tenaci
372 2705 630 2738 revenientem
664 2705 756 2742 vidi;
795 2708 832 2737 et
866 2704 919 2737 ita
944 2706 1063 2737 totam
1091 2703 1259 2746 plantam
1287 2700 1690 2744 decomposito-secun-

119 2764 245 2798 datam
274 2764 424 2797 facilius
451 2764 535 2806 quis
564 2766 728 2806 putaret;
758 2763 830 2796 nisi
858 2763 1056 2797 individua
1081 2765 1161 2796 tum
1190 2761 1334 2795 sterilia
1351 2763 1433 2794 tum
1453 2758 1691 2802 cystocarpii—

120 2824 198 2856 tera
233 2823 340 2857 Grac.
370 2824 513 2857 tenacis
547 2834 607 2857 me
640 2823 792 2864 vidisse,
825 2833 909 2865 quae
935 2832 1036 2855 nunc
1063 2820 1305 2864 paucioribus
1332 2819 1446 2852 ramis
1474 2818 1693 2851 dichotoma
