1779 3068
99 116 181 156 106
725 110 1037 151 DASYPHLEAE.

94 232 323 276 quibusdam
360 231 489 274 pinnis
523 228 770 274 cystocarpiis
802 228 1017 271 junioribus
1045 231 1082 262 et
1108 239 1242 272 parum
1268 228 1494 272 prominulis
1521 229 1591 263 rite
1617 229 1669 263 in-

92 295 280 326 structum
304 290 492 333 adparuit.
537 289 871 333 Cystocarpiorum
898 288 1035 331 nuclei,
1062 290 1105 322 ut
1130 288 1224 322 mihi
1252 288 1438 331 adparuit,
1458 288 1558 322 intra
1576 299 1670 322 mar-

94 351 201 394 gines
240 350 445 393 pinnarum
484 349 602 383 dense
639 347 879 392 juxtapositi,
917 348 1158 391 superficiem
1197 347 1362 381 reddunt
1396 348 1505 391 quasi
1536 348 1670 382 leviter

93 410 317 448 torulosam;
346 409 508 451 singulis
536 408 681 442 nucleis
707 408 821 451 (intra
847 407 1037 450 ejusmodi
1064 407 1203 448 torum)
1228 407 1443 450 placentam
1462 407 1669 441 introrsum

93 469 214 511 magis
242 468 624 512 cuneato-planatam,
662 470 876 501 extrorsum
904 467 944 500 in
969 466 1075 500 radia
1100 466 1218 500 dense
1242 466 1492 510 juxtaposita
1518 466 1670 509 gemmi-

93 529 243 562 diorum
270 538 492 571 expansam,
520 527 620 561 intra
645 530 789 561 tectum
815 526 1015 570 pericarpii
1039 526 1147 568 quasi
1166 526 1389 569 depressum
1408 525 1669 560 offerentibus.

94 589 334 630 Quamquam
361 587 516 621 nucleos
543 588 765 621 observatos
792 587 917 620 adhuc
942 585 1112 629 juniores
1139 586 1316 620 lubenter
1342 586 1545 628 crederem,
1573 595 1670 628 gem-

93 647 211 681 midia
249 658 429 691 suprema
461 647 610 680 filorum
648 645 772 680 nuclei
799 648 859 679 sat
885 645 1090 688 conspicue
1116 645 1281 679 obovata
1308 645 1402 678 mihi
1430 644 1668 688 adparuisse;

92 710 207 749 atque
245 707 298 740 ita
336 709 567 740 structuram
605 705 941 739 Gracilarioideam
974 705 1013 737 in
1047 704 1107 737 his
1134 705 1479 746 recognoscendam
1508 714 1591 738 esse
1618 714 1671 737 as-

92 766 224 800 sumsi.
278 766 450 809 Speciem
489 766 542 799 ita
580 765 786 799 admodum
824 762 1028 808 insignem:
1048 764 1219 798 Curdieae
1247 764 1406 798 Generis
1433 764 1472 797 in
1498 764 1569 797 hac
1596 763 1671 806 dig-

92 826 326 860 noscendam
366 825 509 868 putavi,
549 835 663 867 quam
696 835 766 858 sua
798 824 1085 858 ramificationis
1112 834 1245 857 norma
1271 826 1309 857 et
1335 824 1417 867 ipsa
1443 824 1567 857 forma
1592 823 1670 866 pin-

93 895 241 928 narum,
268 885 419 918 facilius
447 885 669 918 distinctam
695 884 871 918 dicerem.

94 1311 237 1363 VIII.
318 1310 398 1361 De
438 1314 720 1361 structura
760 1314 812 1360 et
851 1308 1121 1360 affinitate
1160 1308 1498 1376 plantarum,
1541 1325 1670 1377 quae

93 1406 216 1452 tum
259 1400 365 1451 sub
407 1401 640 1450 nomine
682 1399 1049 1460 DASYPHLEAE,
1091 1402 1212 1448 tum
1244 1401 1302 1448 ut
1330 1396 1519 1449 Genus
1547 1414 1670 1466 pro-

142 1489 331 1558 prium
364 1488 744 1540 lezoPHLEAE
775 1486 1182 1538 constituentes
1214 1491 1621 1537 memorantur.

239 1651 499 1693 Meminisse
547 1650 692 1706 placet
741 1649 1066 1704 Montagneum
1114 1649 1158 1690 in
1210 1649 1308 1702 Voy.
1345 1663 1402 1690 au
1444 1648 1535 1690 Pol.
1579 1647 1672 1690 Sud

95 1723 299 1779 plantam
335 1737 390 1764 ex
429 1721 579 1764 insula
622 1721 801 1763 Akaroa
834 1735 860 1762 a
891 1719 1121 1763 D'Urville
1142 1754 1144 1757 .
1164 1723 1435 1775 reportatam
1469 1722 1519 1760 ut
1551 1732 1668 1761 novo

95 1794 260 1837 Generi
302 1794 502 1850 typicam
540 1793 840 1847 descripsisse,
876 1796 1011 1846 atque
1044 1791 1247 1834 iconibus
1281 1790 1430 1846 quoad
1462 1789 1669 1832 habitum

93 1866 233 1922 hujus
275 1865 443 1921 plantae
477 1865 624 1907 saltim
659 1864 836 1906 eximiis
871 1878 999 1906 suam
1033 1863 1237 1919 plantam
1271 1862 1541 1904 illustratam
1574 1874 1669 1916 pro-

93 1938 316 1993 posuisse;
357 1937 461 1979 dein
494 1951 600 1979 vero
633 1951 658 1978 a
692 1936 889 1991 Harvey,
924 1935 1103 1990 plantas
1136 1934 1276 1977 Novae
1311 1933 1566 1975 Hollandiae
1600 1931 1670 1974 de-

95 2008 329 2059 scribente,
365 2012 414 2049 ut
446 2007 581 2049 aliam
616 2007 819 2062 Speciem
855 2005 1059 2061 ejusdem
1091 2005 1277 2047 Generis
1300 2005 1503 2060 plantam
1527 2003 1668 2046 Novae

97 2079 354 2122 Hollandiae
387 2079 657 2134 descriptam
692 2078 833 2119 fuisse
867 2082 910 2119 et
941 2076 1146 2119 iconibus
1180 2090 1360 2131 quoque
1386 2075 1668 2125 illustratam,

95 2165 234 2207 quam
282 2166 388 2194 vero
430 2155 529 2193 tum
571 2150 721 2205 quoad
759 2149 1011 2191 habituales
1044 2152 1186 2199 notas,
1222 2162 1334 2203 quas
1368 2162 1423 2189 ex
1455 2147 1669 2189 ramifica·

94 2223 230 2265 tionis
263 2223 410 2264 forma
443 2222 663 2264 deducere
692 2221 854 2269 liceret,
882 2225 978 2262 tum
1001 2220 1228 2276 praecipue
1251 2222 1511 2274 comparata
1534 2222 1669 2260 struc-

95 2299 197 2336 tura
244 2294 417 2336 frondis
464 2298 532 2336 sat
574 2293 799 2337 diversam
832 2292 1010 2334 facilius
1045 2292 1146 2347 quis
1178 2290 1416 2346 putaverit,
1483 2289 1669 2344 Compa-

23 2422 26 2424 Ὗ
93 2366 212 2408 ranti
247 2366 354 2407 mihi
390 2365 494 2407 dein
527 2369 624 2407 tum
658 2369 892 2407 structurae
925 2363 1213 2406 diversitates·
1240 2376 1352 2417 quas
1385 2362 1494 2416 ipsae
1517 2361 1668 2403 icones

95 2441 164 2479 sat
211 2438 477 2492 conspicuas
525 2436 710 2478 reddere
753 2435 1035 2485 videbantur,
1081 2434 1299 2476 memoria
1336 2446 1516 2488 quoque
1549 2445 1669 2486 repe-

94 2508 206 2549 tenti
256 2507 367 2548 mihi
414 2507 461 2548 in
510 2507 666 2562 Specie
715 2521 740 2548 a
788 2506 1030 2561 Montagne
1071 2504 1293 2560 descripta
1335 2504 1668 2559 sphaerosporas

95 2582 274 2620 tantum
317 2578 576 2621 observatas
620 2578 778 2629 fuisse3
822 2578 869 2619 in
902 2577 1057 2633 planta
1090 2590 1195 2619 vero
1228 2589 1254 2617 a
1287 2575 1471 2629 Harvey
1505 2587 1668 2615 memo-

96 2654 191 2691 rata
224 2649 502 2705 cystocarpia
534 2654 710 2691 tantum
746 2649 968 2703 descripta
1000 2648 1163 2698 fuisse;
1198 2646 1462 2701 Harveyum
1488 2658 1668 2699 quoque

96 2721 298 2775 plantam
348 2720 487 2763 Novae
536 2720 791 2762 Hollandiae
840 2724 889 2761 ut
936 2719 1140 2775 Speciem
1188 2718 1257 2760 sui
1304 2717 1417 2772 juris
1456 2731 1481 2757 a
1514 2716 1669 2771 planta

97 2790 236 2832 Novae
278 2791 503 2833 Zelandiae
547 2791 770 2834 diversam
806 2791 1111 2833 considerasse
1145 2788 1455 2844 perpendenti,
1489 2786 1667 2829 facilius

98 2861 208 2902 mihi
258 2861 520 2916 adparuisse
569 2863 764 2905 dicerem
812 2863 893 2904 has
937 2862 1111 2916 plantas
1153 2874 1310 2903 revera
1349 2859 1502 2901 sistere
1535 2862 1666 2913 typos
