1779 3068
727 123 1051 166 GRACILARIAE.
1620 128 1683 167 57·

651 240 816 265 *μμ*
854 242 1094 285 Frondibus
1131 244 1403 286 teretinsculis
1434 248 1475 286 et
1505 259 1676 300 quoquo—

108 358 125 360 Α
853 328 1011 355 versum
1049 315 1284 364 ramulosa,
1319 316 1500 357 ramulis
1534 316 1678 362 frueti-

840 385 956 439 feris
1002 390 1088 426 mm
1130 387 1403 439 cystocarpe'a,
1440 390 1525 428 tum
1562 401 1679 428 soros

850 456 1237 509 sphmrosporarum
1269 459 1580 510 glomerantibus.

113 551 178 590 11.
249 548 332 591 GR.
369 563 520 590 FERox
556 550 599 592 J.
636 549 716 602 Ay.
755 550 827 603 Sp.
856 564 900 602 p.
936 553 1051 600 592‚·
1085 551 1229 603 Epicr.
1260 567 1302 604 p.
1339 555 1423 592 414
1442 551 1494 605 *).

110 680 193 714 nosi
232 680 339 723 quasi
379 680 504 714 obtusi
545 680 762 722 adpareant‚
803 680 874 722 ipsi
916 681 952 713 hi
994 681 1086 713 rami
1127 681 1336 723 ramulique
1370 682 1466 715 fiunt
1499 682 1537 714 in
1568 680 1676 716 Grac.

109 741 254 774 armata
291 740 331 772 in
369 749 529 773 acumen
568 739 754 782 producti,
791 742 828 772 et
854 739 907 772 ita
934 750 1073 773 nomen
1101 741 1245 782 Speciei
1273 741 1402 774 (latum
1431 741 1571 774 eximie
1599 752 1677 783 pro-

109 799 255 832 bantes.
306 799 351 832 In
376 798 651 841 speciminibus
678 799 914 841 cystocarpia
940 800 1209 841 generantibus
1238 803 1353 833 totam
1376 804 1555 842 praeterea
1574 800 1679 842 plan-

109 861 186 892 tam
213 858 397 901 rigescere
422 858 500 892 vidi
526 858 743 891 substantia
768 858 1026 900 cartilaginem
1055 862 1092 891 et
1119 859 1157 891 in
1184 859 1298 892 ramis
1326 859 1556 901 ramulisque
1590 864 1679 892 tere-

110 917 212 951 tibus
242 937 282 940 —
311 917 404 960 ipsis
444 928 592 960 quoque
627 917 666 950 in
702 928 862 951 acumen
897 917 1089 960 productis
1117 918 1352 960 cystocarpia
1380 918 1504 951 valida
1532 937 1572 940 —<
1601 918 1679 951 fere

109 977 336 1010 diametrum
374 977 520 1010 frondis
554 977 816 1019 magnitudine
852 977 1041 1018 aequantia
1068 996 1109 999 —
1139 977 1380 1010 circumcirca
1407 977 1679 1019 provenientia,

109 1046 210 1070 nunc
237 1046 386 1078 quoque
411 1036 580 1069 seriatim
606 1036 879 1079 adproximata,
908 1047 983 1069 uno
1010 1036 1175 1069 alterove
1202 1046 1350 1078 quoque
1369 1036 1559 1078 spinulam
1580 1036 1678 1069 inter

109 1106 233 1129 ramos
273 1095 559 1138 provenientem
596 1095 813 1129 scandente.
842 1114 885 1118 —
912 1096 956 1128 In
991 1095 1120 1138 planta
1147 1106 1234 1128 vero
1260 1095 1599 1138 spbaerosporifera
1628 1105 1679 1127 ra-

110 1154 203 1188 muli
241 1154 389 1196 minuti,
429 1155 601 1197 spinulas
640 1165 796 1188 corneas
835 1155 985 1188 conicas
1013 1155 1231 1196 referentes,
1259 1155 1505 1188 incrassatam
1536 1158 1679 1196 partem

109 1213 327 1248 inferiorem
361 1216 421 1247 sat
452 1214 697 1256 conspicuam
733 1217 770 1248 et
795 1225 864 1247 suo
891 1214 1015 1248 colore
1042 1214 1248 1247 intensiore
1277 1213 1423 1246 facilius
1450 1213 1680 1253 distinctam,

109 1274 237 1316 ipsum
275 1283 403 1307 sorum
443 1273 674 1307 indicantem
711 1273 804 1312 vidi;
844 1274 933 1307 hinc
960 1273 1128 1316 apiculos
1156 1273 1334 1306 soriferos
1365 1271 1430 1306 Gr.
1457 1274 1610 1306 armatoe
1638 1292 1679 1294 —

109 1343 131 1365 a
156 1333 312 1366 ramulis
340 1332 572 1375 longioribus
600 1333 827 1371 secundatis,
856 1333 993 1375 quibus
1021 1332 1212 1366 nonnullae
1240 1332 1433 1366 Sectiones
1462 1331 1680 1365 Gracilariae

110 1392 269 1426 Generis
295 1392 561 1434 dignoscendae
589 1392 795 1435 adpareant
822 1411 876 1434 —‚
904 1392 1015 1425 aliam
1044 1392 1257 1425 Sectionem
1285 1391 1444 1425 Generis
1473 1391 1565 1424 mibi
1587 1391 1680 1424 indi-

109 1455 239 1485 cantes
267 1451 489 1494 adparuisse
517 1451 691 1485 lubenter
717 1451 956 1493 coniecerim.

253 1510 286 1551 ²³³)
312 1510 389 1544 Sub
415 1511 503 1544 dato
530 1511 684 1544 nomine
712 1510 799 1553 (Gr.
818 1509 950 1555 ferox)
979 1511 1069 1543 olim
1098 1521 1157 1543 me
1183 1510 1381 1552 designare
1408 1510 1573 1543 voluisse
1599 1509 1682 1552 Spe-

111 1570 206 1605 ciem
247 1571 293 1604 ad
332 1570 458 1604 littora
496 1570 614 1603 Indiae
647 1570 892 1604 occidentalis
927 1573 967 1603 ut
1000 1574 1171 1613 putarem
1199 1569 1403 1602 admodum
1432 1570 1681 1611 frequentem,

111 1640 224 1672 quam
263 1633 344 1663 tum
382 1640 452 1663 sua
489 1630 611 1663 forma
649 1629 794 1663 frondis
832 1630 951 1672 magis
985 1630 1259 1669 arborescente,
1290 1629 1329 1661 in
1357 1628 1490 1662 fronde
1517 1628 1678 1670 juniore,

112 1692 193 1723 tum
219 1699 288 1722 sua
313 1688 529 1722 substantia
555 1689 674 1731 magis
702 1700 815 1731 quam
843 1689 882 1722 in
909 1689 1082 1731 plurimis
1110 1688 1363 1730 cartilaginea,
1401 1692 1481 1720 tum
1509 1690 1587 1720 tota
1613 1697 1681 1720 sua

113 1752 303 1782 armatura
338 1748 483 1781 frondis
521 1748 693 1790 Speciem
729 1748 934 1781 admodum
963 1735 1206 1790 conspicuam
1235 1747 1368 1780 sistere
1396 1746 1542 1789 putavi:
1570 1750 1684 1788 atque
1713 1764 1717 1767 -

112 1811 224 1851 prout
255 1812 320 1841 aut
354 1808 426 1841 sub
452 1818 528 1841 uno
555 1812 621 1841 aut
646 1808 717 1841 sub
744 1808 862 1841 altero
889 1808 1117 1842 evolutionis
1144 1807 1267 1840 stadio
1294 1807 1516 1839 observatur
1543 1806 1684 1839 formas

111 1867 315 1901 admodum
354 1867 559 1900 dissimiles
598 1867 755 1900 induere
795 1867 890 1905 vidi;
931 1878 1090 1909 quarum
1130 1866 1332 1899 nonnullas
1367 1866 1458 1908 quin
1494 1865 1609 1898 immo
1637 1865 1683 1897 ad

114 1925 179 1961 Gr.
207 1926 446 1960 cervicornem
484 1926 563 1960 suis
596 1927 856 1960 habitualibus
890 1927 989 1960 notis
1025 1926 1247 1960 accedentes
1275 1925 1423 1959 facilius
1451 1924 1535 1967 quis
1562 1924 1682 1966 conje-

111 1986 214 2020 cerit.
265 1987 364 2020 Dum
402 1997 491 2020 vero
529 1987 702 2020 rachides
742 1987 781 2019 in
816 1985 924 2020 Grac.
953 1985 1150 2019 een-icorm'
1182 1985 1302 2027 magis
1330 1984 1578 2027 complanatae
1606 1994 1683 2026 per-

112 2049 278 2086 manent,
319 2046 470 2079 easdem
510 2046 548 2079 in
590 2045 655 2079 Gr.
676 2045 798 2090 feroci
833 2046 1096 2079 teretiusculas
1128 2045 1303 2083 dicerem,
1332 2047 1369 2077 et
1396 2044 1465 2077 hoc
1493 2054 1536 2076 eo
1564 2043 1684 2084 magis

111 2105 360 2148 conspicuum
398 2106 489 2148 fore,
528 2116 601 2147 quo
641 2105 761 2148 magis
800 2106 905 2139 frons
944 2104 1253 2148 cystoearpiit'era.
1286 2114 1395 2136 suam
1427 2102 1682 2136 substantiam

112 2164 392 2206 cartilagineam
422 2165 649 2198 assumsisse
677 2165 771 2198 mihi
802 2165 988 2208 adparuit.
1040 2164 1184 2197 Adesse
1212 2174 1300 2196 vero
1327 2172 1475 2204 quoque
1503 2161 1618 2194 alium
1647 2166 1683 2193 et

113 2224 316 2257 admodum
344 2224 533 2266 insignem
560 2225 827 2265 characterem,
855 2236 929 2267 quo
957 2224 1108 2267 Species
1138 2224 1204 2256 lias
1233 2222 1396 2255 invicem
1427 2221 1488 2254 vix
1511 2221 1682 2263 proxime

113 2284 248 2317 affines
287 2283 563 2326 dignoscendas
604 2288 788 2326 putarem.
852 2285 950 2318 Dum
991 2283 1170 2317 nimirum
1211 2282 1249 2314 in
1296 2280 1426 2323 specie
1465 2280 1535 2312 alia
1577 2279 1681 2311 affini

110 2343 400 2386 (mediterranea
429 2342 494 2377 Gr.
521 2344 681 2385 armata)
718 2344 955 2387 cystocarpia
987 2343 1192 2377 obveniant
1230 2341 1275 2374 ad
1303 2351 1427 2373 ramos
1457 2338 1683 2381 principales

110 2403 231 2446 (quasi
258 2403 444 2444 rachides)
469 2403 590 2446 longis
617 2415 718 2447 saepe
743 2404 913 2438 seriebus
940 2402 1191 2446 suiset-psffiita,
1219 2400 1384 2437 sessilis-3
1414 2399 1484 2431 illi:l
1513 2398 1551 2430 ill
1579 2408 1684 2430 ramo

112 2462 228 2496 fertili
254 2467 479 2505 extrorsum,
507 2463 579 2496 alia
605 2463 811 2497 introrsum
838 2464 990 2503 directa,
1019 2472 1123 2495 ramo
1150 2460 1267 2493 sterili
1295 2458 1456 2501 sparsim
1486 2456 1684 2498 interjecto

112 2533 213 2556 nunc
251 2526 442 2565 separata;
483 2523 595 2556 aliam
629 2523 784 2557 omnino
821 2522 1141 2566 cystsmarpiorum
1170 2518 1458 2561 dispositionem
1487 2517 1525 2548 in
1554 2515 1685 2558 specie

112 2581 231 2616 Indiae
270 2581 514 2616 occidentalis
555 2592 614 2615 me
653 2583 877 2616 observasse
910 2586 1016 2625 puto:
1046 2581 1092 2613 ab
1120 2579 1212 2621 ipsis
1240 2577 1417 2610 nimirum
1447 2575 1560 2608 ramis
1589 2574 1684 2618 prin-

113 2641 298 2684 cipalibus
325 2645 552 2683 generantur
578 2642 714 2676 ramuli
740 2643 943 2679 breviores,
971 2639 1075 2682 quasi
1106 2648 1294 2671 racemum
1328 2636 1424 2669 circa
1443 2646 1550 2667 suam
1571 2633 1687 2666 rachi-

112 2701 198 2735 dem
225 2700 445 2742 formantes,
473 2701 545 2744 ipsi
573 2701 823 2744 decompositi
856 2700 1011 2734 ramulis
1043 2696 1280 2731 brevioribus
1308 2698 1343 2728 et
1370 2705 1439 2727 suo
1467 2694 1600 2726 ordine
1627 2694 1687 2727 ‹le-

115 2759 350 2803 compositis;
380 2763 418 2794 et
442 2760 482 2794 in
508 2760 568 2794 his
595 2761 690 2804 ipsis
718 2760 873 2794 ramulis
901 2756 1135 2802 cystocarpia
1165 2754 1228 2789 Gr.
1256 2753 1390 2795 ferocis
1423 2753 1686 2796 provenientia

112 2820 202 2855 vidi.
253 2820 379 2861 Quum
417 2820 574 2863 insuper
607 2820 742 2854 ramuli
776 2820 839 2853 isti
871 2817 1045 2851 laterales
1073 2820 1109 2849 et
1135 2813 1353 2848 densissimi
1382 2813 1621 2856 proveniunt.
1649 2816 1685 2846 et

112 2879 187 2923 ipsi
225 2880 432 2922 adpareant
469 2880 577 2922 quasi
617 2879 656 2912 in
695 2890 800 2912 suam
842 2877 1035 2911 rachidem
1069 2876 1324 2913 decurrentes,
1360 2874 1476 2906 totam
1512 2871 1686 2905 frondem
