1779 3068
84 81 137 122 72
705 74 1025 116 GRACILARIAE.

509 195 566 247 ††
601 192 767 246 Species
823 193 952 245 (quas
1006 195 1380 244 perennantes
1440 191 1652 245 suspicor)

601 269 687 306 tum
734 263 942 316 caespitem
988 262 1168 305 sterilem
1213 262 1475 317 inferiorem,
1516 261 1653 303 ramis

602 335 741 387 magis
772 334 1071 387 z'rreyulariter
1111 347 1438 387 quoquoversum
1469 333 1653 385 fureatis

602 405 870 448 constitutum
892 406 1147 458 formantes,
1173 408 1259 446 tam
1291 403 1395 445 aliis
1425 403 1562 445 ramis
1589 417 1653 445 ex-

601 476 875 519 crescentibus
907 476 954 518 z'n
985 475 1128 528 stipite
1159 475 1284 531 quasi
1299 474 1478 529 proprio
1499 488 1653 529 corym-

602 549 696 589 bmn
743 546 1062 601 decompositum
1100 546 1405 600 formantibus,
1449 545 1569 599 eujus
1606 543 1655 585 in

601 618 738 661 ramis
758 619 860 671 plns
881 617 1024 659 minas
1044 617 1304 659 secundatim
1326 616 1508 658 ramosis
1529 619 1653 669 systo—

603 689 755 743 earpz'a
785 692 1055 743 yenerantur.

83 788 151 829 25.
223 786 306 828 Ga.
342 800 615 827 SECUNDATA
652 785 790 827 Harv.
825 784 956 838 Phys.
985 783 1132 825 Aastr.
1160 783 1261 837 Syn.
1279 797 1326 835 p.
1351 784 1467 835 432,·
1499 781 1543 824 J.
1569 782 1651 835 Ay.

225 858 373 911 Epier.
402 872 447 911 p.
482 859 569 898 413
602 856 796 910 (Species
830 855 970 897 Novae
1003 853 1274 908 Hollandiae)
1295 851 1347 908 ²⁸).

82 989 289 1024 fructiferis
316 992 375 1023 sat
400 989 645 1032 conspicuam
673 998 734 1021 me
760 988 901 1022 vidisse
927 989 1157 1020 structuram
1183 988 1220 1019 et
1237 984 1529 1028 dispositionem
1548 983 1656 1017 illam

83 1049 316 1089 cellularum,
355 1059 468 1091 quam
508 1048 547 1081 in
585 1048 689 1081 haud
723 1047 854 1090 paucis
882 1046 1088 1089 Speciebus
1113 1044 1229 1078 hodie
1255 1055 1315 1078 me
1341 1044 1565 1078 observasse
1591 1053 1655 1086 pu-

82 1109 172 1151 tavi,
211 1118 401 1151 quamque
436 1108 509 1141 hoc
542 1107 624 1141 loco
651 1106 987 1150 plectocystideam
1014 1104 1104 1138 dixi.
1156 1105 1205 1137 Et
1230 1104 1302 1137 hoc
1328 1104 1543 1137 charactere
1569 1101 1656 1135 insi-

82 1171 200 1210 stens,
227 1167 399 1211 Speciem
425 1167 499 1200 sibi
525 1166 717 1210 propriam
743 1165 783 1198 in
809 1166 869 1198 his
895 1164 1170 1208 speciminibus
1197 1163 1315 1196 latere
1341 1162 1424 1196 sine
1442 1162 1520 1196 ullo
1539 1161 1656 1195 dubio

83 1237 277 1261 assumere
303 1237 419 1260 ausus
445 1237 542 1259 sum.
586 1226 668 1259 Hac
694 1225 840 1258 frondis
867 1226 1056 1257 structura
1083 1223 1256 1266 Speciem
1282 1221 1454 1265 proxime
1479 1220 1657 1254 accedere

84 1289 257 1330 putarem
296 1289 379 1319 tum
418 1285 465 1318 ad
505 1284 677 1327 Speciem
716 1284 832 1317 Novae
868 1283 1083 1316 Hollandiae
1110 1281 1265 1315 nomine
1294 1279 1360 1314 Gr.
1386 1279 1580 1314 ramnlosae
1606 1279 1682 1326 ing

84 1345 277 1388 scriptam,
310 1348 392 1378 tum
429 1344 477 1377 ad
513 1344 683 1387 Speciem
711 1353 733 1376 a
758 1343 912 1385 Harvey
938 1341 1094 1375 nomine
1123 1339 1189 1374 Gr.
1216 1339 1400 1384 Blodyettz'
1426 1339 1657 1379 distinctam,

84 1415 197 1448 quam
226 1415 272 1437 ex
298 1404 434 1438 iisdem
463 1403 555 1437 locis
581 1402 773 1436 natalibus
800 1401 1088 1445 provenientem
1115 1410 1265 1443 quoque
1292 1399 1533 1443 potissimum
1561 1408 1658 1432 com-

84 1464 293 1507 parandam
332 1466 516 1506 putarem.
567 1463 667 1496 Dum
706 1472 795 1496 vero
835 1460 986 1504 Species
1025 1459 1126 1493 dicta
1164 1460 1403 1502 Harveyana,
1435 1458 1515 1491 suis
1541 1457 1658 1491 ramis

83 1524 205 1566 magis
244 1522 392 1557 obtusis
431 1525 469 1556 et
506 1522 667 1556 eandem
705 1520 917 1554 crassitiem
950 1520 1095 1553 diceres
1122 1518 1194 1553 sub
1219 1520 1300 1552 tota
1325 1528 1395 1551 sua
1419 1516 1659 1560 longitudine

84 1582 326 1617 servantibus
365 1581 546 1615 distincta
572 1581 782 1620 videretur;
824 1579 996 1623 Speciem
1022 1579 1150 1622 (quam
1176 1588 1327 1621 quoque
1352 1577 1536 1611 armatam
1562 1575 1661 1610 dixit

84 1641 254 1685 Harvey)
290 1641 369 1675 suis
409 1641 524 1674 ramis
560 1640 766 1674 attenuatis
802 1640 881 1673 fere
907 1639 947 1672 in
974 1638 1171 1681 cuspidem
1197 1636 1485 1671 excurrentibus
1512 1635 1661 1678 dignos-

85 1701 245 1736 cendam
284 1701 427 1743 putavi.
478 1700 580 1733 Hinc
616 1699 789 1733 habitum
818 1699 881 1732 Gr.
909 1700 1070 1732 arcuatae
1097 1708 1166 1731 sua
1191 1696 1442 1740 dispositione
1467 1705 1660 1729 ramorum

85 1764 123 1795 et
149 1761 330 1803 adspectu
357 1760 477 1802 magis
505 1759 568 1793 Gr.
596 1769 854 1802 compressam
880 1758 1020 1791 referre
1046 1757 1222 1797 dicerem,
1250 1766 1320 1789 sua
1337 1758 1380 1788 ut
1397 1754 1521 1788 dicam
1542 1764 1660 1787 arma-

85 1823 171 1854 tura
196 1819 401 1862 conspicue
427 1819 634 1858 diversam;
662 1821 744 1852 tum
772 1828 861 1852 vero
888 1828 956 1851 sua
980 1818 1169 1850 structura
1186 1814 1332 1848 frondis
1351 1813 1659 1857 plectocystidea„

85 1890 199 1922 quam
226 1879 266 1912 in
291 1878 447 1921 specim.
475 1877 795 1921 cystocarpiit'eris
822 1876 962 1910 eximie
989 1876 1181 1910 evolutam
1208 1874 1297 1915 vidi,
1334 1873 1406 1907 sub
1432 1873 1504 1907 hoc
1531 1872 1660 1906 saltim

85 1939 209 1972 stadio
237 1938 409 1981 Speciem
435 1937 575 1971 eximie
601 1937 821 1970 distinctam
848 1936 1008 1979 prodere
1033 1934 1129 1968 mihi
1155 1934 1423 1977 adparuerunt.

111 2041 114 2045 Ι
231 1996 264 2039 *)
288 1998 333 2030 111
362 1995 501 2031 Gracil.
527 1995 724 2030 secundam
752 1995 869 2029 Harv.
897 1994 1068 2038 Speciem
1087 2002 1356 2036 recognoscere
1375 1991 1506 2035 putavi
1524 1991 1661 2034 plecto-

86 2057 307 2101 cystideam,
347 2059 385 2090 at
422 2056 501 2089 suis
541 2055 687 2089 cellulis
726 2054 1033 2098 plectocystideis
1074 2052 1194 2095 magis
1214 2051 1452 2093 incrassatis,
1480 2053 1593 2093 atque
1619 2049 1660 2083 in

86 2116 246 2159 angulos
284 2115 477 2150 breviores
517 2114 718 2158 protractis
756 2115 885 2148 forsan
925 2112 1126 2156 aliquando
1164 2114 1393 2145 structuram
1424 2110 1551 2144 minus
1578 2120 1661 2143 con-

86 2176 217 2220 spicue
244 2186 264 2209 a
289 2178 479 2209 structura
504 2174 881 2217 Microcystidearum
908 2173 1109 2214 diversam,
1138 2171 1387 2214 praebentem;
1427 2169 1533 2204 velut
1558 2168 1661 2202 habi-

85 2235 208 2269 tuales
247 2235 482 2268 characteres
520 2233 666 2267 frondis
705 2232 922 2267 consimiles
961 2242 1111 2274 quoque
1149 2240 1342 2264 assumere
1368 2228 1503 2270 tendit,
1530 2228 1660 2271 quales

88 2294 152 2328 Gr.
180 2295 418 2337 Harveyanae
446 2292 771 2326 characteristicos
798 2291 1010 2326 describere
1037 2292 1194 2324 conatus
1213 2300 1310 2330 sum,
1329 2298 1467 2331 nempe
1485 2287 1662 2322 frondem

87 2354 315 2396 elongatam,
354 2353 467 2395 longa
505 2352 602 2386 serie
641 2351 923 2385 subsecundata
961 2350 1204 2391 ramulorum
1233 2348 1449 2382 tenuiorum
1475 2347 1659 2390 jubatam.

87 2414 150 2446 Me
186 2412 313 2456 judice
351 2422 440 2446 vero
479 2412 578 2445 hanc
617 2411 790 2454 Speciem
828 2421 914 2444 cum
954 2407 1254 2452 microcystideis
1290 2407 1389 2441 veris
1416 2406 1521 2440 nullo
1548 2405 1661 2439 modo

88 2472 250 2506 naturali
290 2482 391 2505 nexu
431 2471 603 2514 proxime
641 2473 910 2513 congruentem
940 2479 1023 2503 esse
1050 2477 1243 2502 assumere
1270 2477 1385 2500 ausus
1411 2476 1508 2508 sum,
1535 2475 1661 2507 quam-

88 2542 201 2573 quam
229 2531 330 2565 notis
356 2531 529 2574 pluribus
556 2530 791 2563 simillimam
818 2530 993 2563 lubenter
1019 2527 1228 2561 confiterer.
1647 2520 1655 2530 '

230 2591 302 2623 His
341 2600 491 2633 quoque
529 2589 787 2632 congruentiis
826 2589 925 2622 inter
958 2587 1109 2630 Species
1136 2596 1268 2620 revera
1293 2585 1473 2625 diversas,
1501 2580 1667 2617 ulterius

89 2650 268 2683 accedere
304 2652 487 2692 putarem,
521 2651 721 2691 utramque
749 2648 920 2691 Speciem
947 2647 1079 2680 eodem
1108 2645 1221 2679 modo
1247 2643 1426 2688 peculiari
1454 2653 1662 2686 perennan-

64 2711 165 2750 ,tem
205 2709 304 2742 fieri:
346 2719 482 2751 nempe
520 2718 636 2751 supra
674 2707 869 2750 caespitem
908 2705 1020 2750 primi
1056 2704 1146 2739 anni
1172 2704 1396 2745 breviorem,
1422 2699 1675 2736 tenuioribus

88 2768 288 2801 frondibus
327 2757 636 2810 simpliciuscul'is
675 2769 910 2808 contextum,
950 2765 1044 2798 alios
1084 2773 1312 2803 excrescere,
1351 2762 1501 2805 stipites
1541 2760 1661 2794 multo

90 2826 290 2867 longiores,
326 2827 365 2859 in
401 2826 579 2860 inferiore
605 2837 675 2859 sua
700 2829 806 2869 parte
833 2825 1008 2867 elongata
1034 2826 1072 2857 et
1096 2823 1211 2857 ramis
1237 2823 1317 2855 fere
1343 2821 1525 2855 destituta
1551 2819 1663 2863 pluri-
