1779 3068
754 114 1073 155 GRACILARIAE.
1640 114 1695 153 69

412 230 717 284 lonya'tudinah'
750 232 846 285 fere
883 245 994 286 (eque
1039 230 1318 283 conspicuum,
1356 234 1483 272 lotum
1515 230 1696 272 cinctum

412 300 606 343 corticali
636 306 779 351 strato,
803 302 897 357 filis
929 301 1206 343 radiantibus
1239 305 1434 343 contexto.

269 442 547 484 Structuram
602 440 777 482 frondis
830 441 1115 496 peculiarem,
1171 456 1307 496 quam
1357 443 1403 484 in
1452 442 1694 497 Speciebus

124 513 261 569 huJ'us
295 513 430 555 Seriei
467 512 873 554 characteristicam
912 511 1126 566 judicavi,
1160 516 1257 553 tum
1291 514 1485 555 sectione
1519 513 1693 555 vfrondis

122 582 440 639 longitudinali
485 588 583 624 tum
625 581 914 624 transversali
957 583 1050 624 fere
1095 595 1224 637 aeque
1258 584 1548 638 conspicuam
1583 583 1694 625 dice-

123 669 236 705 rem;
272 653 566 709 eandemque,
601 653 648 694 ni
680 653 821 702 fallor,
847 667 1023 707 semper
1046 658 1190 694 ortam
1214 653 1384 695 cellulis
1408 654 1693 696 interioribus

123 725 257 767 modo
291 725 471 780 proprio
505 724 634 780 quasi
679 723 1087 778 contorto-plicatis,
1129 738 1262 778 quem
1299 738 1478 779 quoque
1512 725 1693 779 Typum

121 796 169 838 in
215 795 528 850 terminologia
576 794 801 843 Botanica‚
852 808 973 836 nunc
1023 795 1309 843 obvolutivum,
1350 809 1471 837 nunc
1503 798 1692 837 semiam-

114 868 289 921 pleoeum
323 866 491 908 dictum
526 865 619 908 vidi
652 866 857 920 (Lindley
891 866 1053 907 Introd.
1089 871 1126 907 to
1154 866 1324 919 Botmzy
1347 881 1391 918 p.
1418 868 1507 908 412
1530 868 1606 921 fiy.
1631 868 1691 915 3).

121 937 175 979 In
223 937 467 993 Speciebus
516 936 783 987 Gracilariae,
829 937 912 978 hac
946 941 1168 978 structura
1200 937 1428 978 instructis
1462 937 1570 991 (sive
1605 951 1692 978 sec-

121 1008 241 1051 tione
289 1008 622 1064 longitudinali·
654 1008 748 1050 sive
791 1008 1079 1050 transversali
1111 1008 1159 1049 in
1192 1008 1413 1050 exsiccato
1447 1008 1692 1063 specimine

122 1079 430 1130 observantur,
465 1079 647 1121 cellulas
681 1079 764 1134 (sat
796 1079 1036 1134 conspicue
1071 1079 1314 1134 elongatas)
1354 1079 1416 1120 ita
1449 1079 1577 1133 quasi
1611 1079 1692 1120 col-

121 1150 268 1205 lapsas
316 1150 497 1200 diceres,
547 1154 597 1192 ut
645 1150 836 1205 parietes
884 1150 1054 1192 cellulae
1104 1155 1356 1192 extrorsum
1395 1150 1617 1191 flexuosos
1651 1154 1693 1191 et

121 1215 401 1276 prominulos
435 1246 491 1251 —-
524 1221 654 1276 quasi
702 1221 1008 1276 promontoria
1055 1222 1299 1262 formantes
1348 1221 1407 1276 (at
1446 1220 1588 1275 magis
1621 1220 1693 1262 ob-

121 1292 236 1346 tusa)
269 1317 324 1322 —-
357 1292 475 1334 intra
516 1292 640 1334 sinus
673 1292 917 1334 introrsum
951 1292 1088 1334 flexos
1121 1291 1281 1333 vicinae
1314 1292 1482 1333 cellulae
1515 1296 1694 1346 recepta

120 1388 178 1392 -
211 1367 253 1405 et
295 1363 378 1405 hoc
418 1363 549 1405 modo
581 1377 673 1404 non
706 1367 882 1405 tantum
916 1363 1036 1418 ipsas
1070 1362 1251 1404 cellulas
1284 1362 1499 1417 adparere
1533 1366 1691 1404 mutua

120 1433 349 1489 pressione
382 1447 674 1489 compressas,
709 1433 785 1476 sed
818 1438 964 1475 totum
996 1433 1264 1475 fasciculum
1297 1432 1559 1475 cellularum
1584 1433 1692 1473 iute-

119 1504 289 1546 riorum
337 1504 552 1559 adparere
601 1505 730 1560 quasi
779 1505 1053 1546 formantem
1106 1503 1289 1559 plexum
1339 1503 1690 1558 labyrinthicum

121 1575 381 1617 cellularum
416 1575 747 1626 collabentium,
783 1589 919 1630 quem
952 1575 1097 1630 primo
1128 1588 1308 1629 quoque
1336 1574 1503 1616 intuitu
1527 1573 1691 1615 distare

120 1646 274 1689 videas
322 1646 378 1688 ab
426 1646 650 1702 ejusmodi
696 1646 969 1688 sectionibus
1012 1660 1091 1701 per
1122 1645 1332 1687 frondem
1365 1645 1555 1686 aliarum
1590 1644 1692 1699 Spe-

120 1717 289 1759 cierum
336 1717 480 1759 factis.
555 1717 601 1759 Si
650 1731 831 1772 quoque
879 1717 1105 1772 quispiam
1155 1716 1419 1771 conjecisset
1468 1714 1692 1770 ejusmodi

120 1787 301 1830 cellulas
343 1788 391 1829 in
424 1788 528 1831 viva
570 1778 724 1843 planta
756 1789 908 1830 forsan
943 1788 1198 1829 conformes
1231 1787 1468 1829 obvenisse
1501 1800 1604 1828 cum
1637 1786 1691 1827 iis

120 1872 233 1914 quas
279 1859 327 1900 in
374 1858 536 1901 Podeis
583 1859 764 1901 cellulas
806 1859 1142 1913 platycystideas
1189 1858 1301 1908 dixi;
1345 1858 1427 1899 has
1461 1861 1611 1899 tamen
1644 1857 1689 1897 in

119 1929 275 1985 planta
305 1930 469 1972 harum
502 1931 770 1979 examinata,
805 1935 883 1972 aut
916 1929 1233 1985 cylindraceas,
1258 1933 1336 1971 aut
1358 1928 1586 1983 oblongas,
1612 1932 1690 1969 aut

118 2000 381 2043 fusiformes
429 2001 541 2043 mihi
589 2001 863 2057 adparuisse,
913 2001 958 2043 in
1000 2015 1288 2056 quacumque
1322 2000 1476 2055 Specie
1510 1998 1690 2041 cellulas

118 2071 278 2113 harum
313 2086 573 2127 comparare
606 2073 741 2115 licuit.

263 2142 309 2185 Si
353 2143 578 2199 quispiam
621 2144 886 2199 conjecisset
924 2143 1090 2185 dictam
1122 2143 1248 2184 illam
1281 2146 1550 2184 structuram
1585 2140 1687 2182 oriri

119 2213 379 2256 cellularum
414 2214 611 2269 quadam
646 2215 960 2263 contractione,
997 2214 1080 2256 sub
1112 2213 1408 2255 exsiccatione
1431 2211 1690 2267 speciminis

120 2284 262 2339 magis
296 2285 467 2327 succosi
499 2289 576 2327 aut
607 2286 822 2341 glutinosi
855 2291 964 2335 orta,
1009 2285 1173 2327 dixisse
1208 2284 1352 2339 placet
1384 2282 1495 2324 mihi
1529 2296 1610 2323 nec
1642 2282 1688 2322 in

120 2355 317 2397 maxime
347 2356 537 2410 juvenili
570 2357 696 2411 apice
728 2357 1000 2412 speciminis,
1030 2355 1151 2411 quod
1175 2354 1430 2396 Gracilariae
1453 2352 1689 2394 ramulosae

120 2440 146 2467 a
178 2426 363 2481 Harvey
396 2426 622 2469 distributi
654 2428 805 2478 habui,
850 2432 1080 2482 segmenta
1113 2432 1209 2468 tum
1243 2424 1559 2467 transversalia
1591 2427 1688 2464 tum

118 2496 464 2552 longitudinalia
510 2498 767 2541 observanti
815 2498 1076 2553 adparuisse
1124 2497 1259 2538 aliam
1301 2495 1563 2537 cellularum
1601 2494 1687 2534 for-

119 2581 254 2617 mam,
289 2557 427 2623 quam
459 2569 657 2625 typicam
688 2569 887 2625 judicavi
928 2568 1182 2624 Speciebus,
1218 2581 1330 2621 quas
1363 2565 1495 2607 hodie
1529 2565 1688 2619 plecto-

119 2638 339 2694 cystideas
372 2638 479 2682 dixi.
542 2639 594 2682 In
628 2640 853 2696 ejusmodi
887 2643 1117 2695 segmento
1155 2636 1470 2692 longitudinali
1504 2635 1687 2676 intimas

119 2708 313 2760 cellulas,
348 2723 461 2765 quas
492 2710 699 2753 lubenter
730 2711 963 2753 filiformes
999 2709 1205 2757 dicerem,
1239 2713 1284 2749 at
1317 2706 1493 2762 angulis
1527 2705 1688 2760 promi-

120 2779 239 2821 nulis
271 2780 364 2834 Jam
397 2780 650 2832 instructas,
686 2786 729 2824 et
756 2782 989 2829 flexuosas,
1015 2779 1186 2821 intimis
1209 2792 1335 2820 secus
1358 2777 1688 2832 longitudinem

119 2850 215 2892 fere
262 2850 345 2893 rite
392 2852 744 2903 excurrentibus,
790 2851 887 2894 aliis
926 2850 1168 2891 directione
1201 2853 1374 2891 mutata
1406 2848 1585 2903 oblique
1618 2861 1688 2889 ex-
