1779 3068
724 66 1076 108 Mrcaoconmffi.
1494 46 1497 47 ⁷
1624 68 1678 109 23

815 185 1070 238 subylobosa,
1104 185 1220 227 intra
1252 184 1427 238 liqulam
1459 199 1567 238 scepe
1597 185 1679 226 sin-

813 257 928 309 yula.
962 270 1096 310 supra
1133 255 1294 297 discum
1324 255 1507 298 medium
1539 255 1681 308 liyuloe

815 326 1012 380 utrinque
1042 327 1207 382 inflata.

117 431 187 472 24.
259 430 368 473 CAL.
404 447 718 475 RAMENTACEA
762 434 806 476 J.
842 433 922 487 Ay.
963 433 1092 475 Anal.
1127 433 1223 487 Azy.
1265 432 1378 475 Cont.
1414 433 1499 475 IV.
1526 448 1572 486 p.
1607 436 1677 475 36.

118 525 186 567 25.
259 525 367 567 CAL.
403 526 761 569 HOMBRONIANA
797 528 935 570 Mont.

117 622 185 663 26.
256 621 364 662 CAL.
399 621 907 664 CALLIBLEPHAROIDES
939 624 983 666 J.
1018 624 1099 677 Ay.

116 1056 208 1108 III.
275 1056 356 1108 De
396 1056 611 1108 Genere
650 1056 1071 1118 MICROCOELIAE,
1107 1061 1159 1109 et
1195 1057 1386 1126 Specie
1424 1057 1679 1126 ejusdem

744 1146 1048 1214 supposita.

258 1308 323 1350 De
356 1306 693 1363 Callophyllidis
726 1306 881 1363 Specie
913 1308 1157 1363 supposita,
1181 1307 1297 1350 inter
1320 1307 1456 1363 Algas
1477 1308 1681 1364 Japoniae

113 1378 198 1421 sub
229 1392 303 1421 n:o
339 1379 393 1420 12
426 1378 675 1429 distributa,
715 1393 816 1435 quae
857 1379 1136 1422 inscribitur:
1188 1380 1463 1435 Callophyllis
1506 1381 1681 1430 (Micy-0-

114 1450 272 1505 coense)
301 1449 513 1493 Chilensis
543 1450 584 1493 J
582 1485 588 1491 .
612 1450 709 1505 Ay„
734 1455 777 1492 et
799 1451 871 1492 cui
893 1465 1180 1507 synonymon
1203 1451 1488 1493 adscribitur:
1524 1452 1682 1494 Micro-

113 1520 251 1563 coelice
284 1520 356 1574 Sp.
392 1534 417 1562 a
462 1534 533 1563 me
578 1521 624 1562 in
673 1521 820 1575 Epicr.
849 1537 894 1576 p.
930 1524 1027 1564 227
1073 1521 1307 1577 descripta,
1356 1521 1489 1564 hodie
1537 1536 1682 1578 pauca

113 1606 344 1635 moneam:

256 1664 378 1707 Inter
409 1664 586 1720 plantas
608 1665 670 1707 ita
692 1670 972 1721 comparatas
995 1665 1224 1708 evidentes
1247 1679 1342 1708 esse
1365 1666 1680 1721 congruentias

113 1735 324 1792 equidem
368 1735 490 1778 haud
535 1749 768 1792 negarem;
813 1737 929 1778 inter
960 1736 1137 1792 plantas
1170 1750 1275 1779 vero
1307 1736 1606 1792 J'uxtapositas
1639 1740 1681 1778 et

112 1811 393 1862 comparatas
427 1807 539 1849 mihi
569 1807 831 1863 adparuisse
853 1812 950 1850 tum
973 1808 1288 1864 congruentias
1312 1813 1380 1850 sat
1401 1808 1678 1863 conspicuas,

112 1882 210 1921 tum
243 1891 423 1934 quoque
455 1877 747 1929 differentias,
781 1878 945 1934 quibus
978 1878 1273 1921 suadentibus
1311 1878 1514 1934 Speciem
1551 1878 1681 1934 Japo-

113 1949 263 1992 nicam
294 1963 321 1991 a
352 1948 551 1992 Chilensi
583 1963 739 1992 revera
770 1949 993 1992 diversam
1028 1950 1346 1993 assumendam
1381 1955 1598 2005 putarem.

255 2020 308 2062 In
341 2020 498 2076 Specie
529 2021 748 2076 Japonica
779 2021 986 2063 frondem
1020 2022 1112 2064 fere
1145 2021 1343 2064 sessilem
1378 2021 1583 2069 dicerem,
1619 2021 1681 2062 ni-

113 2092 280 2134 mirum
326 2091 485 2134 fronde
532 2093 677 2148 magis
723 2093 1026 2135 reniformiter
1073 2106 1284 2148 expansa,
1330 2092 1377 2133 in
1411 2091 1567 2133 infima
1600 2105 1682 2134 sua

112 2168 238 2219 parte
280 2163 329 2205 111
370 2163 567 2219 stipitem
601 2163 678 2206 Vix
710 2164 991 2206 semilineam
1024 2165 1209 2219 longum
1243 2167 1483 2212 contracta,
1518 2162 1681 2205 deinde

112 2233 385 2290 expanditur
426 2234 520 2276 fere
564 2234 695 2277 latior
731 2249 869 2290 quam
903 2235 1110 2291 elongata
1142 2234 1269 2290 (lobis
1302 2239 1352 2276 ut
1383 2238 1590 2289 putarem
1623 2232 1680 2275 ad

111 2305 349 2349 obovatam
384 2306 574 2348 formam
610 2307 912 2362 tendentibus)
945 2312 1080 2362 atque
1106 2307 1153 2348 in
1176 2306 1246 2348 his
1267 2305 1381 2347 lobis
1404 2305 1682 2360 cystocarpia

113 2379 210 2422 sine
242 2376 398 2419 ordine
428 2377 672 2433 conspicuo
705 2392 859 2433 sparsa
881 2404 938 2408 —
960 2379 1047 2421 alia
1079 2378 1254 2419 minora
1285 2377 1343 2432 (et
1373 2376 1566 2432 juniora)
1594 2375 1681 2418 alia

113 2450 288 2505 majora
319 2462 399 2504 pro
432 2452 561 2491 aetate
591 2463 824 2504 generans.
879 2449 925 2491 Si
957 2448 1164 2505 quaedam
1187 2448 1235 2489 in
1257 2448 1327 2489 his
1349 2446 1680 2490 characteribus

112 2525 229 2564 esset
256 2519 513 2562 differentia
535 2521 704 2576 ignoro.
759 2519 1011 2575 Utramque
1034 2523 1185 2561 autem
1208 2518 1423 2574 plantam,
1448 2522 1680 2573 segmento

111 2591 286 2635 frondis
331 2592 452 2634 facto
499 2591 796 2643 observatam,
846 2605 928 2634 sua
971 2596 1194 2633 structura
1231 2590 1409 2632 differre
1443 2589 1555 2630 mihi
1587 2589 1680 2644 qui-

113 2664 218 2707 dem
251 2670 421 2706 certum
454 2664 674 2719 adparuit.
730 2663 791 2706 Ut
823 2664 869 2705 in
903 2662 1227 2719 Callophyllide
1254 2661 1425 2704 celluiae
1447 2661 1680 2704 interiores

113 2735 276 2779 validae
323 2737 567 2792 cinguntur
613 2736 833 2792 adparatu
878 2736 1054 2778 filorum
1097 2734 1544 2784 anastomosantium‚
1578 2747 1680 2789 quae

112 2813 326 2850 coeuntes
357 2808 577 2863 adparent
608 2808 655 2850 in
682 2814 773 2850 rete
795 2807 1039 2850 admodum
1065 2807 1380 2863 conspicuum:
1416 2807 1475 2849 ita
1499 2819 1680 2862 quoque
