1779 3068
730 58 1056 100 GRAcmAmAE.
1623 63 1679 103 99

611 174 691 198 '³⁰⁸³‘
725 175 1129 218 APPENDthLA'rAE
1181 177 1417 231 frondibus
1467 179 1681 222 sterilibus

725 247 1055 289 membranaceis
1087 248 1281 302 angustis
1304 249 1457 301 planis
1488 254 1525 291 et
1550 250 1677 293 linea-

725 317 856 366 ribus,
900 317 1062 359 demum
1095 319 1281 372 &cespites
1308 320 1495 373 ylobosos
1527 335 1679 375 corym-

726 389 851 437 bosos,
886 388 1063 440 repetita
1096 389 1249 431 iterum
1280 390 1510 444 iterumque
1542 392 1679 435 diebo-

726 458 866 508 tomia,
911 462 997 499 tum
1038 473 1195 515 quoque
1235 461 1461 503 evolutione
1501 463 1678 506 lacinia-

722 543 818 570 rum
865 529 1171 582 nzaryinalium
1218 531 1532 585 dispositionem
1578 534 1676 586 pin-

721 603 869 641 natam
890 600 1129 642 mentientes
1150 601 1455 655 formantibus,
1480 608 1565 645 sum
1587 605 1679 647 suis

722 670 917 724 apicibus
958 671 1180 723 Zinyidatis
1216 676 1257 714 et
1288 673 1453 721 obtusis,
1488 679 1573 715 tum
1606 688 1677 728 ap-

714 741 960 796 pendiculis
984 743 1086 796 plus
1113 743 1255 785 minus
1277 745 1561 798 conformibus
1583 759 1676 788 aue-

719 813 785 864 z‘is,
819 813 926 866 ipsis
967 827 1125 866 quoque
1160 815 1455 866 appendiculis
1486 830 1598 858 nune
1628 817 1677 858 in

709 885 910 940 fimbrias
941 898 1072 926 novas
1105 885 1376 927 tendentibus.

105 979 173 1021 60.
245 979 329 1021 GR.
367 979 692 1020 MILLARDETII
726 979 770 1021 J.
805 978 886 1033 Ay.
921 979 1050 1021 Bidr.
1085 978 1183 1032 Azy.
1220 980 1328 1033 Syst.
1365 981 1450 1022 IV.
1472 995 1517 1034 p.
1545 984 1600 1021 64
1620 980 1672 1035 ²³).

101 1148 210 1179 rente
247 1146 438 1180 diversam
477 1150 581 1190 puto,
618 1147 650 1181 si
677 1156 827 1190 quoque
853 1147 946 1181 alias
973 1147 1116 1180 formas
1142 1146 1263 1188 magis
1291 1146 1595 1189 Gigartinoideas
1622 1147 1673 1180 di-

102 1215 238 1239 cerem.
288 1206 393 1239 Inter
427 1206 639 1249 specimina
675 1206 928 1250 Ceylonensia
958 1209 995 1240 et
1020 1216 1103 1248 quae
1131 1216 1178 1239 ex
1204 1205 1383 1239 Mauritio
1410 1206 1674 1249 provenientia

100 1264 232 1305 habui,
258 1265 404 1298 nullam
430 1266 649 1308 specificam
676 1265 931 1299 differentiam
958 1265 1049 1300 vidi.

244 1324 301 1357 De
340 1324 589 1359 consistentia
626 1325 773 1359 frondis
811 1325 955 1359 dixisse
991 1325 1115 1367 placet
1144 1324 1303 1358 eandem
1330 1324 1424 1357 mihi
1452 1324 1673 1367 adparuisse

100 1392 148 1416 ex
175 1383 609 1425 gelatinoso-carnosam.
650 1384 889 1427 Quamquam
916 1383 1017 1417 enim
1043 1384 1217 1417 frondem
1236 1383 1463 1417 teneriorem
1481 1386 1539 1416 sat
1559 1394 1672 1417 mem-

99 1441 326 1476 branaceam
364 1443 454 1486 vidi,
493 1444 704 1487 specimina
742 1444 871 1477 omnia
909 1444 1048 1477 chartae
1083 1445 1185 1476 arcte
1211 1442 1445 1476 adhaerentia
1470 1443 1666 1481 obvenire;

102 1503 140 1534 et
165 1512 240 1544 quo
266 1503 387 1545 magis
414 1503 678 1546 appendiculis
709 1503 981 1545 marginalibus
1017 1502 1212 1544 instructa,
1240 1512 1284 1535 eo
1310 1502 1430 1544 magis
1457 1512 1606 1544 quoque
1632 1501 1672 1535 in

102 1560 385 1603 cartilagineam
424 1562 680 1596 substantiam
718 1562 914 1602 abeuntia;
955 1572 1028 1604 quo
1065 1561 1185 1603 magis
1219 1561 1383 1603 denique
1409 1561 1671 1603 appendiculis

101 1619 234 1654 obsitae
272 1621 438 1663 frondes,
478 1632 522 1655 eo
561 1622 681 1664 magis
722 1622 789 1655 has
828 1621 1065 1663 angustiores
1105 1620 1296 1660 obvenire,
1336 1619 1487 1653 demum
1522 1630 1672 1662 quoque

100 1679 272 1722 spinulas
299 1681 527 1723 marginales
554 1681 796 1715 mentientes.

244 1738 277 1781 ³³)
302 1740 358 1773 De
391 1739 598 1774 Gracilaria
629 1740 849 1774 Millardetii
875 1740 923 1773 ad
949 1750 994 1773 ea
1018 1738 1133 1772 hodie
1158 1738 1298 1772 referre
1323 1737 1445 1779 liceat,
1473 1747 1555 1779 quae
1583 1737 1670 1771 ube-

98 1797 177 1831 rius
214 1797 293 1841 jam
333 1801 444 1832 antea
484 1798 611 1842 (Bidr.
640 1799 720 1843 Δίῃ.
748 1798 842 1843 Syst.
868 1797 937 1832 IV.
958 1809 998 1842 p.
1027 1798 1091 1840 64)
1132 1796 1241 1830 attuli
1277 1796 1324 1829 de
1355 1796 1498 1839 Specie,
1525 1797 1669 1830 formas

99 1857 305 1892 admodum
331 1858 457 1892 varias
484 1859 679 1893 induente.

240 1917 296 1951 De
322 1917 406 1961 ipso
432 1918 588 1952 nomine
614 1918 729 1952 hodie
755 1918 894 1952 addere
920 1919 1111 1960 opportet:
1151 1915 1375 1949 Meminisse
1407 1915 1532 1958 placet
1562 1915 1670 1948 Mon-

97 1978 279 2018 tagneum
317 1977 358 2011 in
401 1977 581 2021 Opusculo
619 1977 661 2012 de
696 1977 800 2022 Alyis
825 1976 901 2011 Ins.
927 1975 1108 2018 Reuni0n‚
1135 1978 1230 2009 duas
1258 1975 1409 2018 Species
1436 1974 1670 2014 distinxisse,

97 2045 257 2078 quarum
295 2048 412 2071 unam
451 2038 606 2071 nomine
646 2035 904 2082 Phyllophoroe}
930 2034 1137 2077 Maium-di,
1164 2034 1322 2068 alteram
1349 2033 1504 2067 nomine
1529 2032 1671 2077 Rhody-

96 2094 214 2129 menia
239 2095 461 2130 Millardetii
487 2097 728 2140 descriptam,
756 2099 794 2131 et
819 2099 1020 2138 utramque
1045 2095 1154 2128 icone
1184 2094 1428 2132 illustratam;
1467 2093 1565 2126 hanc
1592 2102 1670 2126 eco-

96 2156 248 2198 statam,
286 2155 391 2189 illam
430 2167 520 2191 vero
558 2159 664 2191 costa
698 2157 924 2190 instructam
952 2166 993 2189 se
1019 2157 1186 2198 putasse.
1236 2152 1478 2187 Uberrimam
1505 2162 1669 2185 messem

96 2213 351 2256 speciminum
389 2216 626 2259 comparanti
664 2216 759 2249 mihi
798 2215 929 2259 planta
964 2214 1117 2257 quidem
1149 2212 1355 2246 admodum
1381 2211 1532 2245 varians
1560 2210 1669 2252 adpa-

95 2272 183 2313 ruit,
224 2276 262 2307 at
300 2275 482 2309 costalem
521 2276 712 2319 quendam
748 2275 972 2318 adparatum
1000 2271 1195 2316 proprium
1223 2281 1283 2304 me
1310 2280 1498 2312 nusquam
1525 2269 1668 2303 vidisse

97 2331 222 2366 dicere
248 2344 370 2376 cogor,
398 2345 629 2377 quamquam
657 2334 730 2368 alio
757 2336 932 2377 respectu
958 2332 1087 2366 icones
1113 2329 1333 2372 Montagnei
1370 2328 1668 2372 Phyllophoram

95 2390 286 2426 Maillardi
324 2393 560 2428 illustrantes
600 2405 687 2428 cum
726 2393 867 2427 nostris
905 2389 1180 2435 speciminibus
1220 2389 1328 2423 Grac.
1355 2387 1575 2421 Millardetii
1609 2389 1669 2420 sat

94 2451 194 2485 bene
232 2453 504 2487 convenientes
543 2453 721 2487 dicerem.
771 2453 946 2486 Plantam
985 2454 1114 2484 tamen
1152 2451 1310 2482 externo
1345 2458 1414 2481 suo
1449 2446 1582 2480 habitu
1609 2448 1668 2479 sat

96 2510 240 2544 variam
273 2521 334 2544 me
364 2511 508 2545 vidisse
535 2531 578 2536 —
605 2523 707 2546 nunc
734 2511 919 2549 latiorem,
946 2520 1047 2543 nunc
1074 2508 1138 2542 vix
1165 2508 1305 2541 lineam
1332 2506 1534 2540 latitudine
1560 2515 1667 2548 supe-

95 2572 260 2610 rantem;
287 2581 358 2604 sua
383 2572 633 2605 consistentia
658 2581 760 2605 nunc
787 2570 1088 2610 membranacea,
1115 2578 1217 2600 nunc
1243 2567 1291 2600 ad
1309 2565 1665 2607 subcartilagineam

95 2629 298 2664 tendentes
335 2630 543 2670 diversam;
585 2630 832 2674 cystocarpiis
868 2639 970 2662 nunc
996 2638 1111 2670 supra
1137 2627 1283 2659 discum
1311 2625 1457 2659 laciniae
1484 2627 1666 2665 angustae,

95 2699 197 2722 nunc
224 2689 395 2732 ejusdem
423 2690 584 2733 margini
613 2688 904 2733 adproxi1natis;
944 2687 1038 2730 ipsis
1071 2685 1235 2720 crenulis
1266 2683 1538 2727 marginalibus
1565 2691 1666 2715 nunc

95 2749 300 2782 rotundata
325 2749 561 2792 expansione
588 2748 770 2791 marginis
797 2747 942 2788 cinctis,
970 2756 1070 2779 nunc
1096 2745 1135 2778 in
1155 2743 1346 2787 apiculum
1365 2741 1665 2776 excurrentibus.

95 2808 142 2841 In
179 2808 315 2842 fronde
353 2808 594 2852 complanata
631 2810 847 2841 transverse
885 2807 989 2839 secta
1026 2802 1105 2838 vidi
1144 2802 1298 2836 cellulas
1332 2801 1528 2835 interiores
1555 2810 1667 2843 angu-
