1779 3068
729 78 1047 121 GRACILAmAE.
1615 82 1668 121 89

719 195 769 219 *²¹*
803 197 994 238 Frondis
1031 197 1266 239 latiuseulce
1306 198 1528 250 seymentis
1566 199 1668 253 inse-

803 267 990 309 rioribus
1037 268 1139 310 aliis
1185 268 1418 310 linearibus
1455 269 1670 311 subdicho·

804 342 906 380 tome
943 338 1170 390 dispositis,
1205 339 1307 381 aliis
1340 340 1669 394 (superioribus)

802 408 938 462 mayis
982 410 1182 458 euneatis,
1225 414 1433 465 seymenta
1472 411 1669 464 adpraei-

801 483 918 521 mata
962 484 1047 520 tum
1082 480 1239 521 intima
1261 482 1358 534 fere
1390 481 1518 522 initio
1551 496 1670 534 oppo-

801 550 887 591 sita
919 554 1006 591 tum
1036 550 1173 591 serius
1198 551 1335 604 mayis
1357 553 1414 593 ad
1430 553 1671 604 palmatam

802 620 1116 672 dispositionem
1172 621 1384 663 tendentia
1433 623 1672 675 yeneranti-

805 693 890 740 bus,
927 695 1011 732 tum
1043 705 1202 744 quoque
1223 692 1408 744 sparsim
1430 708 1457 733 a
1478 693 1672 746 mmyine

794 763 948 817 pli-ulla
1002 762 1295 817 prolificantia
1350 764 1673 817 yenerantibus;

803 833 998 886 apicibus
1047 838 1348 886 seymentorum
1402 834 1451 876 in
1498 849 1672 876 acumen

804 905 871 957 (at
915 919 1023 958 scepe
1071 905 1416 958 obtusiusculum)
1453 919 1671 947 excurren-

804 976 926 1017 tibus.

101 1072 172 1113 49.
243 1070 327 1113 GR.
363 1085 640 1112 POLYOARPA
680 1071 724 1113 J.
760 1071 841 1124 Ay.
877 1071 1009 1125 (anne
1048 1070 1124 1113 Gr.
1153 1071 1392 1126 polycarpa
1426 1071 1562 1112 Harv.
1598 1071 1669 1113 Fi.

244 1143 351 1184 Nov.
388 1142 523 1197 Zec.?)
545 1141 597 1197 ³¹⁸).

102 1288 303 1329 generatur
341 1296 363 1319 a
399 1286 580 1328 margine,
619 1288 685 1319 aut
723 1285 1003 1329 cystocarpium
1040 1285 1159 1319 oritur
1194 1285 1233 1318 in
1260 1285 1399 1327 pagina
1425 1285 1538 1327 plana
1565 1295 1671 1326 gene—

101 1348 237 1386 ratum,
274 1354 335 1378 me
366 1345 590 1379 observasse
616 1345 771 1378 cellulas
798 1344 998 1378 interiores
1026 1344 1172 1377 frondis
1199 1348 1279 1377 tum
1306 1354 1376 1377 sua
1402 1344 1523 1377 forma
1551 1344 1670 1385 magis

102 1404 308 1446 elongatas,
334 1407 414 1437 tum
443 1414 593 1446 quoque
619 1415 688 1437 sua
714 1404 964 1446 dispositione
1000 1404 1200 1437 tendentes
1228 1403 1273 1436 ad
1301 1406 1529 1436 structuram
1557 1413 1670 1445 quam

101 1464 142 1497 in
180 1463 264 1497 aliis
301 1463 373 1497 hoc
408 1466 583 1506 respectu
617 1463 737 1506 magis
764 1463 925 1497 evolutis
953 1463 1288 1506 plectocystideam
1314 1462 1404 1495 dixi.
1456 1463 1560 1495 Inter
1587 1462 1671 1504 Spe-

102 1522 178 1557 cies
215 1522 430 1557 Gracilariae
469 1522 640 1566 Generis,
667 1533 760 1565 quas
787 1523 834 1555 ad
861 1522 1083 1556 Sub-Genus
1110 1522 1288 1556 Plocariae
1315 1522 1428 1555 hodie
1454 1521 1670 1555 referendas

101 1582 244 1625 putavi,
284 1583 382 1615 hanc
420 1584 648 1615 structuram
687 1582 768 1615 fieri
807 1582 926 1624 magis
959 1582 1150 1616 evolutam
1184 1592 1300 1624 quare
1326 1591 1475 1623 quoque
1502 1580 1562 1613 his
1591 1590 1670 1622 pro-

101 1641 223 1685 priam
262 1641 470 1675 sectionem
508 1641 783 1674 instituendam
824 1641 964 1684 putavi,
999 1641 1153 1674 nomine
1189 1640 1570 1684 plectocystidearum
1600 1640 1670 1673 hoc

100 1700 184 1734 loco
210 1711 232 1733 a
257 1711 318 1734 me
344 1701 596 1744 designatam3
625 1703 664 1734 at
690 1700 841 1743 Species
869 1701 939 1733 hac
965 1703 1155 1734 structura
1181 1700 1381 1733 distinctas
1408 1699 1488 1732 fieri
1508 1699 1547 1731 in
1566 1698 1670 1731 haud

102 1761 232 1804 paucis
272 1760 444 1804 ejusdem
485 1760 690 1803 Speciebus
734 1770 884 1802 quoque
922 1759 1046 1802 quoad
1085 1770 1192 1792 suam
1231 1758 1484 1792 substantiam
1526 1757 1672 1790 frondis

102 1820 244 1853 sensim
273 1822 449 1853 mutatas
477 1838 521 1842 —-
548 1820 652 1852 Inter
679 1820 830 1862 Species
857 1829 946 1853 vero
973 1818 1019 1851 ad
1051 1817 1273 1852 Sub-Genus
1300 1817 1414 1850 Podei
1442 1817 1670 1857 referendas,

100 1880 213 1922 longe
238 1879 421 1922 plurimas
448 1889 509 1912 me
534 1878 677 1912 vidisse
704 1878 817 1911 aliam
844 1878 1000 1911 omnino
1027 1880 1258 1910 structuram
1285 1876 1431 1909 frondis
1456 1875 1671 1917 offerentes,

102 1949 176 1981 qua
209 1938 370 1971 ducente
402 1940 445 1971 ut
477 1937 703 1980 conjicerem
731 1937 905 1971 frondem
934 1937 1014 1970 fieri
1040 1937 1180 1979 saepius
1208 1937 1360 1979 planam
1388 1939 1425 1969 et
1451 1936 1571 1977 magis
1599 1946 1672 1968 car-

101 1997 556 2036 noso-men1ljx·:1naceam;
597 2000 765 2030 attamen
805 1997 955 2039 Species
995 1996 1176 2038 quasdam
1217 2006 1375 2038 quarum
1416 1995 1579 2038 typicam
1621 1994 1670 2027 lu-

101 2057 236 2090 benter
275 2056 553 2090 considerarem
593 2056 763 2099 Speciem
800 2056 872 2089 sub
898 2055 1053 2089 nomine
1082 2054 1190 2089 Grac.
1219 2053 1434 2088 cervicornis
1458 2054 1522 2087 diu
1550 2053 1671 2095 cogni-

101 2118 191 2155 tam,
235 2115 469 2149 tendentiam
513 2116 559 2149 ad
602 2115 838 2149 consimilem
882 2118 1110 2149 structuram
1153 2114 1371 2148 interiorem
1415 2112 1671 2155 generandam

103 2174 249 2216 offerre,
277 2175 308 2208 si
335 2175 433 2208 hanc
460 2185 609 2218 quoque
636 2186 712 2208 non
739 2186 889 2218 semper
917 2174 1009 2208 mihi
1047 2185 1152 2216 aeque
1179 2174 1423 2215 conspicuam
1452 2171 1672 2214 adparuisse

102 2234 278 2267 dicerem.

245 2294 290 2326 In
329 2293 460 2336 Specie
498 2304 611 2336 quam
648 2294 720 2327 sub
754 2295 908 2328 nomine
938 2293 1002 2327 Gr.
1030 2293 1186 2326 dentatae
1212 2291 1441 2324 intellectam
1470 2289 1581 2327 volui,
1611 2298 1670 2321 me

102 2352 338 2386 tendentiam
364 2353 411 2386 ad
438 2353 597 2386 eandem
624 2356 853 2387 structuram
880 2353 1137 2395 generandam
1164 2361 1313 2393 quoque
1340 2350 1671 2383 observasse.110n

102 2411 209 2455 potui
236 2411 328 2454 quin
355 2412 708 2454 animadverterem,
736 2423 965 2455 quamquam
994 2412 1091 2444 hanc
1117 2413 1344 2443 structuram
1374 2408 1448 2441 vidi
1469 2408 1506 2440 in
1528 2406 1669 2449 Specie,

103 2481 173 2504 suo
200 2471 360 2504 normali
387 2471 520 2505 habitu
548 2482 569 2505 a
595 2471 658 2505 Gr.
686 2472 893 2506 cervicorni
920 2470 1124 2504 admodum
1152 2469 1311 2501 diversa.
1352 2470 1529 2500 Attamen
1559 2465 1670 2498 hodie

102 2540 251 2572 quoque
278 2530 472 2564 monuisse
499 2531 622 2574 placet
648 2542 708 2565 me
735 2532 834 2564 inter
859 2530 1080 2573 specimina,
1108 2539 1190 2570 quae
1218 2539 1263 2560 ex
1285 2526 1533 2568 Senegambia
1554 2524 1668 2557 habui

102 2589 282 2623 obvenire
308 2590 502 2632 nonnulla,
529 2601 612 2633 quae
639 2602 660 2624 a
686 2591 855 2633 margine
881 2591 1067 2623 instructa
1093 2588 1270 2621 videntur
1298 2585 1436 2628 pinnis,
1467 2584 1600 2617 mirum
1630 2584 1670 2616 in

104 2648 259 2682 modum
274 2648 564 2691 dispositionem
582 2650 846 2689 referentibus,
862 2660 974 2691 quam
991 2647 1053 2680 Gr.
1070 2645 1275 2680 cervicorni
1295 2645 1459 2687 typicam
1477 2646 1668 2686 putarunt.

247 2706 280 2750 *)
305 2708 360 2741 De
395 2706 531 2742 Gracil.
557 2709 770 2752 polycarpa,
806 2720 827 2741 a
863 2709 1014 2749 Harvey
1052 2706 1089 2739 in
1126 2704 1240 2738 Flora
1266 2702 1376 2737 Novae
1402 2701 1586 2735 Zelawlioe
1611 2701 1669 2734 dc-

103 2766 254 2810 scripta‚
295 2767 402 2810 cujus
436 2768 540 2801 nulla
572 2768 782 2811 specimina
816 2766 1035 2800 authentica
1061 2764 1265 2797 hodiedum
1293 2773 1352 2795 me
1380 2762 1519 2795 vidisse
1546 2761 1678 2794 dicere*

103 2826 161 2859 fas
200 2829 269 2869 est,
307 2829 456 2860 tantum
494 2827 660 2870 judicavi
699 2826 948 2860 suadentibus
987 2823 1259 2868 speciminibus
1300 2822 1392 2855 mihi
1432 2832 1453 2854 a
1491 2820 1595 2854 Ferd.
1623 2820 1678 2853 de·
