1779 3068
1642 155 1669 195 3

102 261 221 304 diese
274 262 638 319 Correspondenz
692 265 817 307 nicht
869 267 968 308 eine
1019 267 1391 310 Verwandsohaft
1445 269 1666 313 bedeuten

101 346 247 384 muss3
297 333 418 376 denn
459 349 505 377 es
547 335 654 377 wird
692 336 830 378 kaum
863 337 934 379 ein
968 338 1209 380 Botaniker
1240 340 1421 394 geneigt
1454 354 1563 395 seyn
1597 341 1668 384 die

103 403 252 446 Moose
294 419 382 447 von
425 405 511 448 den
558 406 792 450 Florideen
834 408 1085 451 abzuleiten
1119 409 1226 452 oder
1258 410 1328 452 die
1362 411 1579 467 Gruppen
1613 426 1667 454 zu

101 473 315 516 einander
346 475 391 517 in
426 490 537 531 enge
571 478 887 533 Beziehungen
921 493 975 520 zu
1008 479 1210 535 bringen.
1278 480 1510 537 Vorlaufig
1541 482 1665 525 kann

99 558 206 586 man
255 560 340 588 nur
387 561 536 602 sagen,
587 547 689 590 dass
736 562 841 590 man
884 563 930 591 es
964 550 1077 591 wohl
1112 551 1194 592 mit
1225 551 1667 609 Parallelbildungen

99 629 154 656 zu
187 616 299 658 thun
334 618 487 660 habe.»
562 618 683 661 Oltm.
719 620 744 661 l.
779 634 810 661 c.
838 635 885 673 p.
919 625 1018 662 135.

241 687 286 729 Si
335 688 562 744 Algologis
610 690 829 745 plurimis,
871 691 1036 745 quibus
1078 693 1245 734 formas
1282 693 1501 748 Algarum
1535 708 1665 749 aquae

98 756 239 800 dulcis
281 759 488 813 vulgares
530 774 711 815 quoque
753 761 953 816 cognitas
994 776 1246 817 supponere
1279 768 1546 819 opporteret,
1580 766 1666 807 for-

97 841 217 869 mam
261 829 441 884 qualem
479 830 766 873 Goleochcetem
807 832 1093 886 potissimum
1130 847 1235 875 cum
1267 834 1341 876 illo
1376 835 1454 877 diu
1486 837 1666 891 cognito

97 898 270 942 Genere
302 901 586 944 Bulbochaetis
618 902 969 957 comparandam
1002 903 1232 959 adparuit;
1268 919 1349 947 nec
1383 906 1451 948 his
1474 906 1520 948 in
1544 921 1666 949 men-

97 974 186 1012 tem
220 971 396 1014 venisse
430 976 569 1014 setam
603 972 735 1015 istam
771 972 1059 1015 Coleochaetis
1092 988 1195 1016 cum
1228 976 1559 1032 trichophorico
1593 977 1666 1019 ad-

95 1045 255 1095 paratu
298 1042 607 1085 Floridearum
650 1058 921 1099 comparare,
957 1044 1001 1085 id
1041 1059 1196 1087 revera
1229 1046 1453 1101 explicatu
1487 1048 1666 1090 facilius

95 1117 312 1167 putarem.
378 1114 510 1156 Hanc
543 1119 694 1156 tamen
727 1116 1111 1170 comparationem
1148 1117 1316 1158 iactam
1348 1118 1488 1160 fuisse
1521 1118 1577 1160 ab
1610 1119 1664 1161 iis

93 1183 216 1238 ipsis,
251 1185 327 1240 qui
360 1185 407 1226 in
442 1186 690 1241 Systemate
724 1186 937 1228 struendo
969 1187 1275 1230 Floridearum
1307 1192 1410 1230 ante
1435 1189 1543 1231 alios
1567 1204 1665 1232 con-

94 1254 304 1297 sulendos
347 1270 392 1298 se
437 1260 619 1312 putant;
668 1257 715 1298 id
757 1271 847 1299 non
889 1257 1015 1312 potui
1053 1259 1164 1313 quin
1198 1259 1429 1314 speciatim
1464 1260 1666 1302 animad-

94 1329 326 1377 verterem,
362 1341 503 1382 quum
537 1342 693 1371 revera
716 1328 986 1384 J’amdudum
1010 1329 1207 1371 innotuit
1229 1329 1380 1385 ipsum
1403 1331 1488 1373 hoc
1511 1331 1666 1374 Genus

94 1395 383 1458 Coleochaetis
416 1399 508 1441 suis
541 1400 784 1442 fructiferis
816 1400 995 1455 organis
1018 1414 1044 1441 a
1067 1399 1101 1441 F
1104 1400 1283 1442 lorideis
1306 1415 1443 1456 quam
1467 1402 1666 1445 maxime

94 1467 275 1511 differre
294 1468 345 1525 ²³⁶).

236 1539 362 1582 Infra
383 1541 532 1596 ipsum
557 1542 640 1583 hoc
668 1541 822 1584 Genus
850 1542 1125 1597 Goleochoetz's,
1150 1556 1230 1585 sua
1254 1543 1524 1586 formatione
1547 1544 1667 1586 fron—

93 1609 161 1652 dis
192 1611 286 1666 jam
320 1611 566 1654 admodum
600 1613 844 1664 evolutum,
879 1613 988 1655 alias
1029 1627 1209 1669 quoque
1244 1613 1456 1656 obvenire
1489 1620 1664 1657 constat

237 1764 269 1809 ²⁸)
293 1767 339 1800 In
376 1767 616 1810 Pringsheim
655 1767 819 1811 (Mor-ph.
846 1767 910 1802 cler
934 1767 1074 1802 Meeres
1100 1768 1180 1812 Aly.
1202 1780 1242 1812 p.
1270 1769 1309 1812 3)
1347 1768 1545 1811 sequentia
1570 1769 1662 1812 jam-

91 1826 235 1860 dudum
262 1826 362 1860 dicta
388 1827 518 1868 fuisse,
545 1838 622 1861 non
648 1827 755 1871 potui
781 1827 873 1870 quin
899 1828 1013 1862 hodie
1039 1839 1236 1862 moneam:

239 1886 323 1920 »Bei
350 1887 539 1921 manchen
566 1887 684 1921 Arten
710 1887 777 1920 der
803 1887 973 1930 Gattung
1003 1887 1212 1922 Ooleochoete
1239 1888 1337 1930 zeigt
1362 1887 1423 1921 die
1454 1888 1587 1922 Boi-ste
1614 1899 1664 1921 an

91 1945 157 1978 der
182 1945 291 1979 Basis
318 1946 503 1980 ebenfalls
530 1946 615 1980 eine
641 1946 767 1980 kleine
793 1947 1080 1990 Knollenartige
1106 1947 1420 1990 Anschwellung;
1459 1947 1514 1981 sie
1539 1947 1590 1981 ist
1614 1947 1666 1990 je-

90 2004 188 2039 doch
226 2005 386 2039 niemals
425 2006 544 2039 durch
583 2005 668 2039 eine
706 2006 979 2040 Scheidewand
1014 2017 1089 2041 von
1124 2007 1190 2040 der
1220 2007 1401 2049 tragende
1428 2007 1529 2040 Zelle
1557 2007 1663 2049 abge-

91 2064 281 2106 gliedert.»

90 2126 128 2157 et
153 2124 265 2166 paulo
292 2127 425 2167 postea
449 2125 546 2167 (pag.
573 2124 608 2167 6)
633 2125 680 2158 ab
707 2124 840 2158 eodem
867 2124 968 2158 dicta
993 2125 1074 2159 haec
1100 2125 1216 2159 verba
1242 2125 1423 2159 obvenire
1449 2125 1563 2159 hodie
1588 2135 1660 2159 me-

90 2182 248 2216 minisse
274 2184 413 2227 placet:

238 2242 462 2277 ›Samtliche
494 2243 546 2276 im
578 2247 714 2277 sussen
741 2244 894 2278 Wasser
919 2244 1218 2278 vorkommende
1251 2244 1369 2277 Arten
1397 2243 1463 2276 der
1494 2243 1666 2285 Gattung

93 2299 302 2336 Goleochaete
327 2303 428 2336 ohne
453 2303 676 2336 Ausnahme
702 2303 781 2336 und
807 2303 948 2336 ebenso
975 2303 1035 2336 die
1062 2302 1233 2345 Gattung
1258 2301 1482 2336 Bolbochcete
1498 2302 1661 2344 bringen

89 2363 183 2394 stets
222 2360 261 2394 in
299 2361 373 2395 den
411 2362 676 2395 Mutterzellen
713 2362 828 2395 Ihren
867 2362 1201 2404 Schwarmsporen
1240 2361 1324 2394 eine
1357 2361 1502 2403 einzige
1532 2371 1663 2403 grosse

90 2419 395 2463 Schwarmspore
440 2421 592 2461 hervor;
632 2421 814 2455 wahrend
852 2421 919 2455 wir
956 2421 1122 2463 gesehen
1161 2420 1287 2454 haben
1330 2419 1547 2454 Bolbocolon
1584 2419 1664 2453 und

89 2478 293 2513 Acrochoete
324 2479 569 2522 regelmassig
600 2480 685 2513 eine
717 2484 889 2522 grossere
919 2479 1066 2513 Anzahl
1092 2479 1171 2513 und
1197 2478 1373 2513 iiberdies
1402 2480 1499 2512 auch
1525 2479 1664 2513 anders

89 2538 287 2580 gestaltete
314 2539 648 2582 Schwarmsporen
675 2538 716 2572 in
742 2539 816 2572 den
842 2538 1040 2572 einzelnen
1065 2538 1330 2572 Mutterzellen
1357 2548 1574 2580 erzeugen.»

231 2598 289 2631 Ex
328 2597 387 2631 his
427 2597 713 2632 evidentissime
747 2597 858 2631 dictis
885 2600 923 2631 et
949 2597 996 2631 ab
1022 2597 1265 2632 observatore
1291 2597 1512 2630 sincerrimo
1539 2596 1662 2631 obser-

88 2656 186 2692 vatis
219 2656 334 2690 nullis
367 2657 523 2690 omnino
556 2656 682 2690 dubiis
709 2667 842 2691 vacare
873 2659 1046 2700 putarem
1072 2657 1144 2690 hoc
1172 2656 1303 2690 Genus
1334 2654 1558 2690 Coleochaetis
1584 2655 1664 2690 nul-

88 2711 164 2749 lam
197 2716 310 2750 aliam
342 2716 483 2750 habere
516 2727 603 2750 cum
636 2715 820 2749 Florideis
848 2715 1085 2756 affinitatem,
1114 2726 1228 2758 quam
1255 2715 1338 2749 aliae
1365 2715 1470 2758 Algae
1495 2714 1665 2758 sporidia

89 2778 328 2818 generantes3
364 2786 433 2809 nec
467 2786 513 2809 ex
541 2774 730 2818 ejusmodi
758 2775 890 2808 formis
917 2777 1139 2817 argumenta
1166 2774 1339 2817 quaedam
1368 2774 1505 2820 ducere
1532 2784 1664 2817 oppor-

86 2843 167 2877 tere
193 2835 240 2869 de
266 2834 578 2878 interpretatione
604 2834 781 2877 partium,
809 2844 892 2877 quae
918 2834 1017 2868 inter
1042 2833 1236 2867 Florideas
1263 2834 1335 2868 hoc
1359 2836 1534 2877 respectu
1552 2833 1665 2876 longe

87 2893 257 2929 diversas
283 2894 569 2938 deprehendere
595 2893 754 2928 licuerit.
