1779 3068
1610 112 1655 120 1¹¹¹-

715 113 1040 154 GRACILARIAE.
1607 124 1664 152 oo

838 232 1023 273 ramulos
1081 231 1317 284 superiores
1367 231 1663 283 sphserosporz'-

837 303 950 352 feros
982 317 1008 343 a
1039 303 1114 344 sub
1147 302 1340 355 maryz'ne
1353 302 1533 355 frondis
1554 317 1665 345 nunc

839 373 1094 427 mzffariam,
1134 387 1246 415 mmo
1279 373 1485 427 bifariam
1518 388 1662 416 exeun-

838 445 948 485 tibus
980 444 1136 486 comicis
1161 448 1198 485 et
1220 444 1512 498 rdyz‘da'usculis
1532 459 1665 497 supra

838 529 978 556 sorum
1030 515 1156 567 quom¹
1206 515 1252 557 z'n
1306 515 1519 568 apiculum
1568 531 1662 570 pro—

840 585 985 635 ductis,
1010 586 1334 641 ramzficatz'onis
1364 600 1555 628 normam
1587 587 1666 629 rite

840 657 1061 698 distichum
1096 657 1433 699 monstrantibus.

131 744 168 784 9.
240 742 323 783 Gn.
359 756 555 782 BIFARIA
588 740 630 782 J.
668 740 747 794 Ay.
782 753 902 781 mser.
924 737 974 793 ²4²).

244 849 277 887 *ὃ
302 849 601 884 Ramificationis
622 848 787 881 indolem
816 847 888 881 sibi
917 847 1118 890 propriam,
1146 859 1258 890 quam
1286 848 1323 880 in
1353 849 1665 883 antecedentibus

101 910 306 953 Speciebus
338 910 423 952 plus
457 909 582 942 minus
618 907 822 941 indicatam
851 906 992 949 putavi,
1020 907 1059 939 in
1087 906 1218 949 Specie
1245 907 1406 948 quadam
1435 908 1550 941 Novae
1580 909 1665 941 Hol-

100 969 236 1003 landiae
270 970 322 1003 ita
353 969 548 1002 evidenter
578 977 796 1010 expressam
825 966 915 1008 vidi,
942 969 983 999 ut
1009 966 1055 999 de
1081 966 1221 1009 Typica
1247 966 1461 999 differentia
1488 967 1666 1001 ramifica-

99 1030 214 1064 tionis
254 1029 357 1062 nulla
394 1028 510 1061 dubia
549 1027 749 1070 persistere
786 1036 897 1068 posse
932 1025 1106 1058 lubenter
1131 1035 1334 1067 sperarem.
1386 1026 1430 1058 In
1457 1027 1666 1068 specimine

100 1089 280 1123 nimirum
318 1087 474 1130 Speciei,
507 1097 619 1129 quam
651 1086 735 1128 ipsa
767 1095 836 1118 sna
866 1088 1054 1118 structura
1081 1084 1226 1117 frondis
1254 1085 1299 1117 ad
1329 1083 1393 1118 Gr.
1422 1084 1666 1125 Liehenoisles,

99 1149 248 1192 qualem
287 1148 386 1181 hanc.
424 1146 537 1179 hodie
575 1145 860 1187 intelligendam
900 1144 1042 1187 putavi,
1079 1144 1159 1177 suis
1186 1144 1331 1176 cellulis
1359 1145 1666 1187 macrocystideis

99 1207 411 1245 dimioscendan13
453 1206 550 1239 hanc
589 1215 677 1239 vero
717 1204 795 1237 fieri
835 1204 875 1237 in
910 1203 1114 1246 Speciebus
1147 1203 1231 1236 aliis
1258 1203 1310 1236 ita
1339 1207 1533 1245 mutatam,
1561 1208 1602 1237 ut
1629 1205 1665 1236 in

101 1267 305 1311 Speciebus
343 1266 414 1299 rite
453 1264 705 1299 teretiusculis
738 1264 883 1298 cellulae
910 1274 1055 1305 magnae
1081 1263 1134 1305 (in
1162 1263 1374 1296 madefacta
1400 1262 1546 1304 fronde>
1572 1263 1664 1296 intu-

100 1330 312 1361 mescentes
351 1335 457 1367 aeque
494 1334 798 1366 quoquoversum
839 1323 1011 1356 cellulam
1059 1322 1197 1355 axilem
1242 1322 1319 1363 (vix
1358 1322 1668 1364 dignoscendam

100 1387 295 1429 cingentes
335 1385 553 1427 adpareant;
596 1384 693 1416 hanc
731 1382 1020 1425 dispositionem
1061 1381 1141 1415 fieri
1180 1382 1219 1414 in
1258 1381 1392 1414 fronde
1428 1380 1492 1415 Gr.
1520 1380 1667 1425 bifariae

101 1446 184 1489 ipsa.
210 1445 301 1488 quin
328 1445 445 1478 immo
471 1443 605 1477 leviter
631 1452 849 1485 compressa
874 1442 927 1475 ita
955 1444 1149 1481 imitatam,
1185 1444 1227 1474 ut
1253 1441 1291 1473 in
1319 1441 1507 1483 ejusmodi
1534 1441 1668 1474 fronde

101 1505 207 1548 quasi
247 1504 381 1538 seriem
422 1503 559 1536 axilem
594 1502 813 1536 cellularum
846 1501 1034 1544 propriam
1064 1501 1110 1534 ab
1137 1511 1213 1534 uno
1239 1500 1482 1542 submargine
1510 1501 1555 1533 ad
1583 1501 1668 1534 alte-

100 1576 183 1598 rum
223 1566 496 1602 excurrentem,
537 1566 618 1596 tum
652 1562 748 1595 hanc
775 1561 910 1594 seriem
936 1560 1056 1603 (quasi
1084 1560 1237 1599 axilem)
1263 1560 1420 1602 paginas
1448 1570 1578 1593 versus
1606 1560 1666 1593 ob-

100 1627 238 1658 tectam
278 1623 422 1657 cellulis
462 1622 534 1656 alio
568 1625 739 1665 respectu
768 1621 1044 1659 conformibus;
1073 1620 1218 1654 cellulis
1247 1631 1344 1657 vero.
1374 1620 1425 1653 ita
1451 1630 1521 1652 sua
1546 1620 1667 1652 forma

101 1683 409 1724 congruentibus
445 1692 514 1716 sua
539 1681 789 1724 dispositione
816 1691 904 1713 vero
931 1680 1103 1721 diversis,
1131 1680 1283 1713 demum
1312 1688 1461 1721 quoque
1488 1689 1667 1720 generare

101 1746 182 1777 tum
221 1742 510 1785 dispositionem
551 1741 781 1774 ramulorum
822 1740 946 1779 aliam,
985 1743 1065 1773 tum
1105 1739 1268 1781 denique
1306 1738 1595 1781 dispositionem
1629 1739 1667 1770 in

100 1802 271 1846 partibus
297 1800 503 1835 fructiferis
530 1800 649 1842 magis
677 1800 880 1842 conspicue
906 1799 1107 1840 diversam,
1127 1799 1235 1840 cujus
1256 1798 1491 1831 characteres
1512 1797 1666 1839 majm-is

100 1861 298 1905 cujusdam
327 1860 509 1894 momenti
536 1871 612 1893 non
640 1860 744 1902 potui
772 1860 863 1901 quin
889 1859 1112 1901 suspicarer.
1159 1858 1192 1890 Si
1218 1858 1257 1890 in
1277 1857 1406 1899 planta
1425 1856 1667 1890 teretiuscula,

100 1921 164 1955 vix
203 1920 408 1963 conspicua
445 1920 487 1953 fit
525 1919 741 1953 differentia
778 1919 876 1952 inter
910 1918 1077 1960 plantam
1112 1917 1328 1950 dichotome
1355 1916 1527 1953 divisam,
1556 1915 1665 1957 cujus

100 1991 225 2014 ramos
263 1980 302 2013 in
340 1979 508 2013 diversas
548 1979 775 2012 directiones
808 1978 983 2011 secedere
1018 1980 1179 2020 putares,
1207 1980 1244 2009 et
1272 1976 1437 2018 plantam
1468 1975 1665 2015 fui-catam,

100 2040 209 2083 cujus
247 2042 443 2081 segmenta
481 2038 691 2072 conformia
730 2038 848 2079 magis
885 2036 1197 2070 flabellifomniter
1230 2038 1267 2067 in
1294 2035 1393 2067 idem
1422 2034 1576 2076 planum
1605 2044 1666 2066 ex-

101 2110 220 2142 pansa
259 2098 479 2137 obveniant;
519 2098 631 2140 longe
669 2101 797 2131 tamen
835 2097 943 2130 aliter
981 2095 1264 2129 ramificationis
1300 2094 1556 2127 diversitatem
1585 2104 1667 2126 con-

100 2159 271 2201 spicuam
297 2158 378 2191 fieri
405 2160 509 2200 patet
535 2157 574 2190 in
600 2157 739 2200 planta,
762 2156 870 2199 cujus
893 2160 972 2189 tum
1000 2155 1143 2188 cellulae
1170 2153 1378 2189 interiores,
1402 2152 1538 2186 seriem
1558 2153 1665 2194 quasi

100 2217 291 2261 propriam
318 2217 460 2250 sistunt
485 2217 532 2250 ab
560 2227 635 2250 uno
661 2215 905 2258 submargine
932 2215 977 2248 ad
1005 2214 1163 2247 alterum
1191 2215 1442 2253 transeuntes,
1463 2215 1543 2244 tum
1571 2211 1665 2244 rami

101 2276 428 2320 spbaerosporiferi
461 2275 603 2318 proprii
639 2275 865 2317 proveniant
891 2273 1042 2307 distichi
1071 2276 1107 2306 et
1133 2272 1239 2315 quasi
1267 2271 1405 2311 seriati,
1434 2271 1480 2304 ab
1509 2274 1667 2312 utroque

102 2336 271 2378 margine
297 2334 600 2369 subverticaliter
626 2337 820 2367 exeuntes.

245 2394 393 2428 Addere
412 2394 534 2436 placet
552 2393 732 2436 plantam,
749 2393 836 2426 huic
852 2391 996 2434 Speciei
1012 2391 1189 2434 typicam,
1206 2390 1298 2423 mihi
1314 2400 1359 2423 ex
1376 2390 1464 2422 Port,
1479 2389 1666 2432 Stephens

101 2455 158 2498 (N.
186 2452 380 2493 S.XVales)
418 2453 571 2486 missam
612 2452 746 2491 fuisse;
787 2451 991 2494 specimen,
1030 2450 1131 2492 quod
1168 2453 1295 2483 tamen
1335 2449 1486 2482 unicum
1522 2459 1567 2482 ex
1596 2449 1667 2482 hoc

102 2514 185 2547 loco
225 2513 352 2552 habui,
385 2513 519 2545 sistere
552 2511 718 2554 plantam
751 2511 877 2544 saltim
904 2510 1167 2552 ss-pollicarem,
1195 2508 1364 2542 crassitie
1391 2508 1554 2541 rachidis
1581 2519 1667 2551 pen-

104 2584 191 2607 nam
218 2571 474 2606 columbinam
497 2571 644 2604 circiter
671 2573 898 2613 aequantem;
928 2569 1102 2602 ramellos
1129 2568 1499 2611 sphaerosporiferos,
1526 2568 1666 2610 saepius

103 2631 352 2671 secundatim,
392 2641 492 2664 nunc
531 2629 706 2663 bifariam
745 2632 944 2667 exeuntes;
992 2628 1156 2661 minores
1196 2628 1329 2661 horum
1370 2637 1508 2669 paucas
1547 2627 1667 2661 lineas

104 2692 236 2734 longos
275 2689 594 2733 simpliciusculos
633 2692 670 2722 et
708 2688 870 2729 conicos,
910 2687 1083 2721 acumine
1122 2698 1252 2730 parum
1287 2686 1406 2728 rigido
1433 2687 1668 2729 terminatos,

104 2750 268 2793 majores
295 2760 364 2783 suo
390 2749 532 2790 ordine,
559 2748 675 2782 simili
704 2748 814 2782 modo
840 2747 975 2781 iterum
1003 2746 1318 2789 subcompositos.

247 2810 386 2842 Praeter
423 2808 617 2851 specimen
655 2808 707 2840 ita
745 2807 981 2840 fructiferum
1022 2810 1102 2840 tum
1140 2805 1323 2848 juvenilia
1360 2805 1475 2838 habui
1506 2816 1552 2838 ex
1580 2805 1669 2838 Port

106 2868 274 2902 Denison
306 2868 370 2901 vix
402 2867 643 2910 3pollicaria,
676 2877 745 2900 sua
776 2866 870 2907 basi,
898 2866 1020 2900 adhuc
1047 2865 1229 2899 crassiore
1256 2865 1450 2906 instructa,
1478 2868 1516 2898 at
1541 2864 1668 2907 apices
