1779 3068
702 109 801 151 GRA
812 124 1026 151 cmAmAE.
1593 109 1648 150 65

512 224 620 249 *Η*
657 226 823 279 Species
859 227 1078 268 australes.

87 323 154 365 18.
225 320 764 375 GR.FLAGELL1FERA“‘)

87 418 153 459 19.
225 415 310 457 GR.
344 413 649 455 HARVEYANA
683 414 725 455 J.
762 415 841 470 Ay.
876 415 1002 456 Bidr.
1038 415 1134 469 Azy.
1172 415 1283 469 Syst.
1308 415 1393 457 IV.
1418 430 1463 468 p.
1488 420 1546 457 59
1566 414 1645 470 **).

84 559 169 602 quis
196 557 344 597 dixerit,
371 566 473 589 nunc
499 556 538 588 in
564 555 696 598 planta
721 556 1027 598 cystocarpiit'era
1053 559 1091 590 et
1114 567 1247 599 parum
1267 557 1525 600 decomposita
1543 558 1649 591 rami-

84 618 299 652 ficationem
347 615 603 649 dichotomam
652 614 819 647 fruticuli
867 615 1079 657 corymbosi
1123 626 1271 658 quoque
1314 626 1373 650 me
1415 616 1648 655 observasse,

84 685 338 720 agnoscerem.
391 672 636 717 Gystocarpia
660 682 769 706 secus
797 683 921 706 ramos
947 684 1079 716 sparsa
1105 675 1344 717 proveniunt.

227 734 261 776 ἢ)
285 734 348 767 Me
374 733 446 767 sub
472 732 627 766 nomine
655 730 721 765 Gr.
739 731 974 776 flayellzfeo·oe
990 733 1030 765 in
1048 731 1189 767 Fam-id.
1208 732 1388 777 Illorphol.
1412 733 1495 768 Tab.
1516 733 1656 768 XXIV

83 795 232 829 iconem
270 792 421 827 dedisse
460 792 609 834 plantae,
638 790 741 825 vario
779 793 953 834 respectu
992 791 1105 825 hodie
1137 803 1286 835 quoque
1319 794 1583 831 memorandae.
1611 794 1650 827 in

83 852 306 887 memoriam
344 861 521 885 revocare
559 850 712 893 placuit,
751 852 884 892 utpote
916 850 1013 883 hanc
1045 861 1115 884 sua
1140 854 1330 885 structura
1355 853 1500 886 frondis
1527 852 1650 887 micro-

83 911 288 956 cysticleam,
315 910 394 944 suis
421 909 680 943 habitualibus
707 909 988 942 characteribus
1014 910 1143 943 forsan
1170 910 1411 952 potissimum
1435 912 1481 945 ad
1500 911 1651 946 Confer-

85 971 239 1006 voideas
266 969 545 1010 accedentibus,
572 979 641 1002 suo
660 967 824 1010 denique
842 968 930 1001 vitae
949 978 1085 1010 genere
1103 968 1149 1002 iis
1168 969 1297 1002 forsan
1316 970 1649 1013 adnumerandam,

85 1030 133 1064 de
170 1029 308 1073 quibus
344 1028 461 1062 vitam
493 1026 644 1071 proprio
670 1027 783 1061 modo
809 1030 1082 1070 perennantem
1110 1028 1201 1069 fieri,
1227 1028 1305 1071 jam
1332 1039 1447 1072 supra
1472 1029 1651 1072 suspicio-

83 1100 172 1123 nem
210 1088 378 1132 proferre
413 1097 528 1120 ausus
563 1097 660 1120 sum.
713 1086 872 1127 Qualem
903 1086 1000 1120 hanc
1028 1086 1198 1129 Speciem
1227 1087 1339 1120 hodie
1366 1088 1651 1130 intelligendam

83 1151 268 1192 putarem,
295 1146 455 1180 eandem
481 1145 560 1179 suis
587 1145 838 1179 affinitatibus
865 1145 913 1179 ad
938 1145 1232 1188 microcysh'deas
1257 1146 1456 1189 pertinere,
1481 1147 1519 1180 id
1537 1147 1651 1181 nullis

83 1208 162 1241 fere
201 1206 326 1241 dubiis
365 1215 499 1240 vacare
537 1215 685 1239 censeo.
737 1205 975 1247 Quamquam
1011 1205 1165 1238 cellulas
1198 1205 1343 1239 frondis
1371 1205 1567 1239 interiores
1594 1210 1654 1240 sat

85 1276 243 1309 magnas
269 1265 461 1306 confiteor,
489 1264 643 1298 easdem
668 1267 797 1297 tamen
823 1264 965 1297 sensim
992 1264 1211 1307 sensimque
1237 1264 1442 1298 introrsum
1469 1265 1652 1299 abeuntes

83 1325 124 1359 in
150 1325 316 1358 minores
342 1324 421 1358 vidi
449 1343 492 1347 ——
519 1324 572 1357 ita
597 1324 757 1366 Typum,
784 1334 897 1365 quem
924 1323 1002 1357 vidi
1028 1323 1068 1356 in
1095 1324 1196 1357 Fuco
1224 1323 1442 1366 Scorpioide
1468 1323 1525 1357 Fl.
1553 1323 1652 1358 Dan.

83 1385 292 1418 referentes
319 1402 363 1407 —-
390 1386 429 1417 at
461 1383 562 1416 hunc
597 1386 731 1426 typum
768 1393 917 1425 quoque
943 1382 983 1415 in
1009 1382 1140 1425 planta
1165 1382 1362 1416 fructifera
1387 1385 1499 1425 atque
1526 1394 1654 1426 peren-

84 1446 201 1477 nante
228 1462 271 1466 ——
298 1445 340 1477 ut
375 1442 535 1476 eandem
573 1442 837 1485 explicandam
865 1441 1007 1475 credidi
1034 1461 1076 1464 —
1104 1444 1310 1475 servantes.
1363 1442 1514 1485 Species
1541 1442 1655 1484 igitur

84 1503 173 1537 huic
213 1501 358 1545 Speciei
397 1502 584 1535 affinitate
621 1501 815 1544 proximas
855 1511 991 1534 censeo
1030 1501 1124 1543 illas,
1161 1501 1274 1534 hodie
1306 1501 1378 1535 sub
1404 1502 1558 1535 nomine
1588 1500 1652 1536 Gr.

85 1561 316 1605 Harveyanoe
354 1563 391 1594 et
431 1559 496 1594 Gr.
518 1559 722 1604 paraclooeae
751 1571 773 1593 a
798 1570 859 1593 me
885 1559 1108 1601 intellectas,
1136 1562 1325 1593 structura
1350 1560 1496 1593 frondis
1523 1571 1654 1594 conve-

85 1621 246 1662 nientes,
285 1631 355 1654 nec
393 1630 471 1653 non
506 1630 584 1654 suae
617 1619 704 1654 vitae
730 1619 941 1653 rationibus
968 1619 1248 1662 quodammodo
1275 1623 1537 1663 congruentes,
1564 1623 1653 1654 atta-

86 1691 174 1714 men
199 1680 281 1722 has,
307 1682 350 1713 ut
376 1680 577 1714 observare
603 1678 828 1722 putaverim,
856 1678 930 1712 alio
954 1679 1118 1721 quodam
1138 1678 1250 1713 modo
1268 1679 1530 1721 perducentes.
1570 1680 1654 1722 Spe-

86 1739 183 1773 ciem
208 1740 307 1773 hanc
333 1749 435 1772 nunc
461 1738 616 1772 nomine
644 1737 894 1781 Scytothamni
919 1737 1095 1772 australis
1120 1748 1197 1771 var.
1225 1737 1448 1781 inscriptam
1474 1738 1562 1772 vidi.

229 1797 286 1841 *ἢ
311 1799 366 1832 De
405 1797 536 1841 Specie
574 1808 688 1840 quam
726 1797 880 1831 nomine
922 1795 987 1831 Gr.
1019 1796 1252 1841 Harveyanoe
1288 1797 1500 1830 describere
1538 1808 1653 1831 ausus

86 1869 182 1899 sum,
211 1857 410 1900 sequentia
434 1856 548 1890 hodie
574 1857 712 1890 addere
738 1857 890 1900 placuit.

229 1917 387 1956 Qualem
414 1916 512 1950 hanc
540 1916 712 1959 Speciem
738 1916 852 1950 hodie
878 1916 1165 1958 intelligendam
1192 1918 1375 1958 putarem,
1395 1915 1554 1948 eandem
1573 1915 1652 1948 suis

85 1975 345 2009 habitualibus
384 1976 485 2009 notis
523 1975 571 2009 ad
607 1975 670 2009 Gr.
697 1975 955 2015 secundatam,
983 1985 1004 2007 a
1030 1975 1184 2017 Harvey
1214 1974 1454 2017 descriptam,
1482 1974 1653 2016 proxime

85 2035 326 2069 accedentem
353 2035 528 2069 lubenter
554 2035 734 2073 dicerem;
763 2035 832 2068 has
859 2045 947 2068 vero
972 2033 1123 2076 Species
1142 2033 1221 2066 suis
1240 2032 1520 2066 characteribus
1539 2036 1653 2066 struc-

85 2096 190 2136 turae,
229 2094 277 2128 ad
313 2094 482 2128 diversas
521 2094 709 2128 sectiones
749 2093 908 2127 Generis
947 2103 1030 2126 esse
1065 2092 1294 2134 referendas,
1327 2102 1403 2125 non
1429 2091 1534 2134 potui
1562 2092 1654 2134 quin

86 2163 330 2187 assumerem.
372 2153 418 2186 In
446 2151 511 2187 Gr.
533 2152 758 2196 Harveyana
783 2152 951 2185 sectione
977 2152 1077 2185 facta
1098 2150 1343 2184 transversali
1362 2150 1521 2184 eandem
1539 2154 1654 2184 struc-

86 2215 210 2246 turam
249 2222 310 2246 me
348 2212 491 2246 vidisse
529 2214 632 2255 puto,
660 2222 773 2254 quam
812 2212 852 2244 in
887 2211 971 2244 aliis
999 2210 1202 2253 Speciebus
1230 2220 1251 2242 a
1278 2220 1338 2242 me
1365 2208 1655 2253 mico-ocystideas

85 2271 196 2305 dictis
233 2271 384 2314 (quibus
424 2271 600 2314 exempla
638 2271 809 2313 praebent
849 2268 957 2303 Grac.
985 2269 1079 2303 (lura
1119 2269 1276 2311 ejusque
1313 2269 1463 2311 Species
1494 2268 1654 2311 affines),

87 2330 178 2363 dum
216 2329 281 2364 Gr.
307 2329 514 2371 secundam,
552 2330 701 2371 qualem
735 2330 833 2362 hanc
859 2340 881 2362 a
908 2329 1084 2371 Harveyo
1110 2328 1193 2370 ipso
1221 2328 1464 2361 distributam
1490 2327 1578 2369 vidi,
1607 2327 1654 2361 ad

87 2399 151 2422 eas
191 2389 342 2431 Species
381 2388 597 2422 Gracilariae
642 2388 812 2428 Generis,
840 2398 933 2429 quas
972 2387 1042 2420 hoc
1081 2387 1162 2420 loco
1201 2406 1243 2410 —
1283 2386 1467 2420 suadente
1505 2396 1654 2429 quoque

87 2451 276 2481 structura
314 2448 534 2481 cellularum
573 2447 681 2481 strati
719 2446 909 2480 interioris
943 2466 985 2470 —
1022 2446 1069 2479 ad
1102 2444 1399 2489 plector-madeas
1436 2445 1653 2479 referendas

87 2507 219 2550 putavi
246 2525 289 2530 —-
316 2507 348 2540 si
386 2517 535 2549 quoque
572 2506 611 2539 in
652 2506 759 2540 Grac.
786 2506 993 2539 secundata
1030 2506 1128 2539 hanc
1167 2505 1386 2538 cellularum
1425 2507 1654 2538 structuram

87 2565 214 2599 minus
241 2566 460 2609 perductam
487 2576 598 2608 quam
627 2565 666 2598 in
692 2564 865 2608 plurimis
892 2564 975 2598 aliis
1002 2575 1204 2607 agnoscere
1231 2566 1416 2607 opportet.

229 2625 275 2658 In
303 2624 366 2658 Gr.
393 2625 623 2667 Harveyana
647 2634 724 2657 non
750 2626 898 2657 tantum
925 2623 1092 2657 sectione
1118 2624 1219 2657 facta
1236 2622 1480 2657 transversali
1500 2622 1654 2656 cellulas

88 2683 287 2717 interiores
325 2694 394 2718 sua
432 2683 694 2726 magnitudine
729 2683 1086 2725 circumjacentibus
1113 2693 1245 2725 parurn
1273 2682 1436 2724 majores
1463 2681 1654 2723 obvenire,

88 2742 158 2776 has
196 2753 285 2777 vero
325 2743 491 2785 cellulas,
529 2743 697 2776 sectione
734 2741 998 2784 longitudinali
1039 2741 1184 2775 frondis
1218 2751 1301 2775 esse
1327 2740 1530 2784 conspicue
1557 2740 1655 2774 elon-

90 2805 206 2845 gatas,
245 2812 314 2836 suo
353 2801 538 2835 diametro
576 2801 823 2844 3:1310—411210
858 2801 1058 2843 longiores,
1086 2803 1123 2834 et
1149 2811 1217 2834 suo
1245 2802 1426 2834 contentu
1453 2799 1655 2842 granuloso

89 2861 189 2895 intra
225 2861 486 2895 membranam
519 2860 763 2904 conspicuam
790 2860 983 2907 hyalinam
1012 2860 1160 2902 farctas,
1188 2862 1301 2902 atque
1327 2859 1395 2892 has
1422 2859 1576 2893 cellulas
1603 2858 1656 2892 ita

1490 2929 1511 2964 5
