1779 3068
783 114 1018 155 HussmA.
1597 118 1677 157 12?

114 235 235 277 tione
268 239 311 276 et
343 234 562 276 divisione
596 246 749 274 earum
784 230 1059 279 cellularum,
1095 232 1258 285 quibus
1286 232 1528 287 adparatus
1551 235 1681 275 inter-

115 306 272 348 calaris
320 305 365 346 in
413 304 547 347 sterili
596 302 754 344 fronde
797 303 934 357 hujus
978 303 1164 344 Generis
1197 309 1431 345 contextus
1465 305 1572 345 mihi
1609 306 1679 345 ad-

114 376 275 431 paruit.
341 375 387 417 Si
440 388 605 416 nomen
659 372 939 415 Nemathecii
992 379 1283 415 conservatur
1330 374 1376 415 in
1430 375 1679 417 (swneribus

115 446 423 489 Floridearum
448 444 689 494 nonnullis,
714 443 926 498 analogas
952 448 1098 499 partes
1124 444 1342 499 Husseyae
1368 446 1514 499 potius
1544 446 1680 499 Cysta-

113 518 250 559 thecz'a
282 516 497 564 dicerem;
532 514 735 569 utrisque
768 513 947 569 organis
981 514 1212 556 evidenter
1245 515 1457 569 analogis.

256 587 409 629 Genus
457 585 676 640 Husseyae
724 584 835 626 mihi
870 584 952 626 hoc
986 584 1118 626 modo
1152 585 1267 627 inter
1301 585 1575 627 Chondrieas
1609 588 1681 628 ad-

112 656 298 700 modum
323 657 414 699 suis
437 656 768 699 characteribus
792 655 1049 697 distinctam
1077 657 1389 701 consideranti.
1417 658 1677 713 neutiquam

110 733 262 771 tamen
308 741 391 770 nec
438 727 494 770 ad
541 727 651 769 alias
699 727 902 782 regiones
951 726 1215 780 Systematis
1262 728 1563 777 referendum,
1598 744 1679 771 nec

112 814 217 842 cum
262 799 349 841 alia
391 799 587 854 quodam
627 798 739 840 mihi
772 799 949 853 cognito
983 798 1337 840 Chondriearum
1374 798 1546 841 Genere
1581 814 1679 841 con-

111 869 413 920 fundendum,
463 869 575 910 mihi
623 869 886 924 adparuisse
925 883 1107 924 quoque
1150 869 1358 920 dicerem,
1399 885 1677 925 quamquam

110 938 415 982 confitendum
452 943 657 994 putarem
703 938 900 993 plantam
937 939 1133 981 sterilem
1166 941 1320 982 forsan
1355 941 1546 982 nimium
1581 956 1678 983 con-

110 1010 263 1053 venire
311 1024 413 1052 cum
463 1010 592 1052 certis
641 1009 914 1065 quibusdam
964 1012 1132 1060 formis,
1183 1011 1315 1053 hodie
1363 1012 1418 1053 ad
1466 1013 1684 1054 viciniam

111 1083 245 1124 Laur.
279 1082 475 1123 Forsterz'
504 1081 666 1123 relatis.
727 1081 849 1130 Quin
882 1082 1021 1124 immo
1054 1088 1228 1125 exstare
1261 1083 1451 1125 dicerem
1486 1084 1677 1124 formam

110 1151 353 1207 quandam,
403 1152 537 1194 hodie
585 1151 641 1194 ad
689 1153 860 1194 formas
909 1153 956 1195 L.
992 1153 1182 1195 Forsteri
1231 1168 1254 1195 a
1293 1168 1364 1195 me
1397 1154 1596 1205 relatam,
1631 1155 1678 1195 in

110 1237 209 1278 quae
257 1223 406 1278 apices
446 1223 865 1278 sphaerosporiferos
909 1224 1164 1265 terminales
1204 1224 1295 1265 vidi
1329 1229 1374 1266 at
1405 1226 1675 1278 sabfflohosos,

110 1308 192 1336 nec
241 1299 290 1335 ut
336 1294 381 1335 in
416 1294 473 1335 L.
510 1293 703 1336 Forsteri
737 1294 931 1349 (qualem
967 1296 1191 1350 propriam
1227 1296 1447 1350 putarem)
1482 1296 1676 1337 ramulos

109 1366 533 1421 sphaerosporiferos
566 1367 613 1407 in
647 1368 809 1409 claram
842 1366 1096 1409 desinentes
1129 1366 1335 1408 dicerem.
1388 1366 1547 1408 Utrum
1584 1380 1676 1422 spe-

109 1437 197 1479 cies
232 1437 411 1492 propria
443 1437 490 1478 in
524 1437 608 1479 hac
641 1438 783 1478 forma
807 1437 1203 1492 globoso-capitata
1226 1438 1373 1490 lateat,
1397 1452 1454 1478 an
1479 1437 1673 1478 stadium

108 1507 336 1563 quoddam
386 1508 654 1551 evolutionis
703 1508 845 1563 (quasi
888 1508 1115 1563 ultimum)
1162 1509 1319 1549 formae
1358 1507 1572 1549 normalis
1605 1522 1676 1563 ag-

108 1592 291 1630 noscere
339 1583 584 1634 opporteat,
634 1579 679 1620 id
727 1579 860 1621 hodie
908 1579 1020 1620 mihi
1068 1579 1332 1634 neutiquam
1381 1584 1549 1620 certum
1601 1578 1674 1620 ad-

108 1650 270 1705 paruit.
335 1649 387 1691 In
437 1656 626 1705 utraque
673 1664 778 1692 vero
828 1650 910 1692 hac
958 1650 1104 1692 forma
1148 1650 1315 1692 frustra
1357 1650 1543 1704 quaesivi
1579 1655 1674 1691 tum

109 1725 299 1763 stratum
344 1721 454 1763 illud
497 1721 759 1763 intercalare
802 1721 1063 1763 cellularum
1097 1722 1542 1766 anastomosantium,
1578 1728 1675 1762 tum

108 1791 291 1833 cellulas
350 1792 580 1833 corticales
641 1805 768 1833 secus
820 1790 1149 1846 longitudinem
1205 1791 1378 1833 frondis
1431 1790 1672 1845 elongatas,

109 1862 275 1917 quibus
324 1862 545 1917 Husseyae
588 1863 742 1904 Genus
781 1868 824 1904 et
856 1867 923 1904 sat
956 1862 1185 1904 evidenter
1219 1862 1475 1904 distinctum
1511 1867 1552 1904 et
1586 1862 1675 1916 ‹slig-

108 1931 386 1975 noscendum
421 1934 591 1988 putavi,
626 1948 652 1975 a
685 1933 865 1988 propria
903 1932 1034 1974 Laur.
1070 1932 1105 1973 F
1109 1933 1262 1975 orsteri
1299 1933 1486 1988 ejusque
1519 1932 1675 1974 formis

108 2003 210 2058 plus
247 2003 394 2045 minus
428 2003 628 2046 diversis.

251 2073 455 2129 Speciem
500 2074 637 2129 igitur
675 2073 909 2129 Husseyae,
945 2073 1130 2115 Generis
1164 2074 1269 2116 novi
1304 2073 1673 2121 Chondriearum,

107 2143 240 2186 hodie
263 2144 400 2201 hujus
424 2144 611 2187 Generis
634 2145 814 2186 unicam
839 2144 951 2186 mihi
974 2145 1198 2199 cognitam
1226 2144 1367 2186 habeo
1390 2151 1673 2198 sequentem:

141 2276 178 2315 1.
250 2274 474 2316 HUSSEYA
509 2289 768 2317 AUSTRALIS
800 2275 845 2318 J.
880 2276 962 2329 Ay.
996 2290 1115 2317 mser.

322 2368 438 2412 Hab.
482 2369 538 2410 ad
586 2369 694 2411 Port
741 2369 876 2411 Elliot
923 2369 1061 2411 Novae
1111 2367 1363 2410 Hollandiae
1410 2367 1615 2409 australis
1650 2380 1675 2407 a

321 2440 439 2482 Dtna
472 2439 653 2494 Hussey
687 2439 796 2481 mihi
830 2440 913 2482 sub
946 2440 1054 2482 n:ris
1089 2440 1144 2481 86
1179 2446 1221 2481 et
1254 2439 1340 2480 250
1373 2438 1519 2480 missa.

250 2534 422 2577 Speciem
448 2534 612 2568 dicerem
639 2544 709 2567 sua
726 2534 858 2575 forma,
879 2534 1141 2577 magnitudine
1160 2537 1197 2567 et
1215 2534 1407 2576 adspectu,
1427 2533 1474 2566 ad
1493 2533 1674 2565 Laurenc.

107 2593 274 2627 Forsteri
301 2603 412 2636 quam
441 2593 614 2636 proxime
641 2594 829 2627 accedere.
