1779 3068
126 96 207 137 122
758 92 1054 134 ENDoGEmA.

119 213 346 255 sacculum
370 212 668 267 gelatinosum
692 214 734 252 et
757 209 994 252 dilatatum
1018 211 1295 253 conformem
1319 212 1527 254 nucleum
1556 212 1688 255 endo-

118 285 346 327 chromate
388 283 630 337 conspicuo
664 282 857 323 farctum
892 282 1108 323 foventes.
1174 281 1316 324 Extra
1347 283 1558 325 nucleum
1594 298 1689 339 pro-

118 356 267 410 prium
301 354 376 407 <ita
410 353 538 408 quasi
572 352 743 394 cellulis
766 352 1208 394 anastomosantibus
1231 354 1566 397 transformatis
1589 369 1686 397 con-

116 426 307 478 textum)
340 424 630 466 circumcirca
663 424 835 472 seriem,
871 429 920 465 ut
953 423 1109 478 putavi
1142 424 1236 466 fere
1269 424 1464 475 unicam,
1510 425 1688 468 filorum

118 497 469 544 articulatorum,
519 495 574 536 ab
623 495 715 536 ima
756 495 966 536 interiore
1000 499 1125 550 parte
1158 495 1393 550 pericarpii
1427 497 1688 551 provenien-

117 572 221 618 tem,
272 572 314 609 et
361 567 712 622 carpostomium
763 580 918 608 versus
961 566 1194 608 terminale
1228 567 1320 608 suis
1353 567 1556 622 apicibus
1589 582 1688 610 con-

117 644 377 694 vergentem
428 637 516 679 vidi
566 651 665 692 quae
714 637 813 690 ipsa
856 637 1023 678 sterilia
1060 636 1280 691 judicavi3
1316 637 1359 679 in
1396 637 1593 681 articulis
1626 639 1687 681 in-

117 710 235 752 fimis
287 709 495 763 (filorum)
553 708 855 750 endochroma
908 708 999 750 vidi
1054 713 1122 750 sat
1174 709 1487 764 conspicuum,
1546 710 1688 765 magis

117 779 684 836 cylindraceo-oblongum3
710 780 754 821 in
781 779 1003 835 supremis
1026 779 1237 829 articulis,
1264 780 1406 835 magis
1428 779 1686 835 globosum3

116 852 467 894 endochromata
500 851 804 901 articulorum,
841 856 909 892 sat
940 851 1195 906 conspicua,
1230 851 1348 893 intra
1377 851 1684 893 membranam

115 923 313 978 amplam
362 923 656 978 gelatinosam
704 922 900 973 inclusa;
954 922 1016 964 ita
1064 921 1315 965 cavendum
1365 937 1422 964 ne
1470 922 1544 964 fila
1590 923 1686 965 haec

114 994 359 1050 gemmidia
392 994 572 1048 propria
605 994 756 1036 fovere
789 998 1068 1035 censeantur.
1126 993 1234 1034 Mihi
1271 997 1447 1035 tantum
1481 993 1537 1035 ad
1570 1008 1687 1049 gem-

115 1065 255 1107 midia
288 1064 554 1120 expellenda
586 1064 889 1113 inservientia,
925 1064 1197 1119 suspicanda
1230 1064 1550 1120 adparuerunt.

258 1137 328 1178 Ex
375 1136 428 1178 iis
476 1137 626 1191 igitur,
671 1150 773 1191 quae
806 1135 860 1177 de
894 1136 977 1178 hac
1010 1135 1164 1191 planta
1197 1135 1441 1177 hodiedum
1475 1136 1686 1191 comperi,

114 1208 303 1250 eandem
352 1209 550 1263 typicam
598 1213 804 1263 putarem
852 1221 969 1249 novo
1012 1207 1207 1261 quodam
1250 1207 1427 1256 Generi,
1469 1207 1522 1249 de
1556 1208 1686 1263 cujus

114 1293 220 1321 vero
253 1279 476 1321 affinitate
509 1279 715 1334 proxima
748 1293 862 1333 aegre
893 1277 1178 1333 dijudicatur,
1205 1292 1347 1333 quum
1371 1283 1414 1320 et
1437 1277 1687 1320 habituales

115 1357 243 1391 notas
292 1356 360 1392 sat
406 1349 608 1391 insolitas
657 1349 849 1391 dicerem
901 1353 943 1390 et
991 1353 1261 1391 structuram
1306 1349 1686 1404 cystocarpiorum

115 1435 197 1463 nec
245 1435 347 1463 cum
397 1435 500 1471 uno,
552 1435 633 1463 nec
679 1435 781 1462 cum
821 1420 957 1463 altero
990 1425 1096 1476 typo
1131 1420 1438 1462 Floridearum
1473 1420 1555 1462 rite
1588 1434 1687 1462 con—

114 1493 369 1534 venientem
426 1492 662 1534 observare
715 1491 919 1542 credidi„
978 1491 1181 1533 Eandem
1237 1505 1317 1534 nec
1371 1491 1687 1533 Rhodomeleis

114 1564 350 1618 pertinere,
403 1578 483 1605 nec
531 1563 818 1619 Hypneaceis
867 1567 1138 1605 structuram
1187 1563 1570 1618 cystocarpiorum
1616 1576 1687 1605 me

115 1635 319 1677 docuisse
354 1639 485 1690 puto;
535 1648 617 1676 nec
651 1649 746 1676 esse
787 1634 1078 1676 Gracilariam
1113 1633 1358 1689 quandam,
1393 1633 1687 1676 suadentibus

113 1705 420 1748 habitualibus
469 1706 585 1748 notis
632 1706 774 1762 ipsius
816 1705 1005 1755 frondis,
1048 1705 1158 1746 mihi
1191 1705 1582 1748 evidentissimum
1617 1705 1688 1746 ad-

114 1778 315 1832 paruisse
364 1777 570 1819 dicerem.
637 1777 840 1819 Eandem
892 1791 996 1819 vero
1045 1776 1262 1819 Florideis
1304 1777 1524 1832 pertinere
1557 1776 1687 1831 quasi

113 1848 431 1903 superioribus,
467 1854 563 1890 tum
597 1853 865 1890 structuram
896 1849 1038 1904 ipsius
1060 1848 1247 1899 frondis,
1272 1852 1370 1890 tum
1393 1847 1683 1903 cystocarpia,

112 1920 157 1960 in
194 1920 373 1975 propria
407 1920 535 1975 quasi
570 1925 694 1976 parte
725 1920 900 1962 frondis
924 1920 980 1962 ad
1004 1934 1055 1962 ea
1078 1919 1336 1975 generanda
1359 1919 1683 1975 provenientia,

113 1991 300 2032 suadere
334 1996 562 2046 putarem;
603 1998 646 2033 et
679 1992 784 2033 hinc
817 1992 958 2047 ipsius
993 1992 1179 2034 Generis
1212 1991 1490 2033 characteres
1524 1991 1685 2032 offerre

115 2062 344 2117 analogias
395 2063 540 2105 varias
589 2063 947 2118 cumpluribus
995 2063 1092 2105 aliis
1142 2062 1448 2104 Floridearum
1500 2061 1685 2103 familiis

113 2133 436 2187 suspicandum
485 2134 640 2175 forsan
682 2148 911 2176 assumere
956 2133 1117 2176 liceret.
1187 2134 1244 2176 Ut
1276 2138 1454 2175 exstant
1486 2133 1573 2174 alia
1605 2132 1686 2174 Ge-

114 2218 232 2255 nera,
284 2205 375 2247 suis
414 2205 721 2247 habitualibus
766 2206 1099 2248 characteribus
1132 2205 1373 2247 referentia
1406 2205 1581 2246 Genera
1613 2203 1685 2245 ad-

115 2275 297 2316 modum
345 2276 523 2318 diversa
561 2277 923 2331 (Rhododactyh's,
960 2277 1156 2327 Solz'erz'a,
1192 2277 1489 2325 Ectoclz'm'mn,
1529 2275 1685 2328 Carpo-

112 2361 254 2388 coccus
287 2352 395 2402 etc),
432 2362 532 2402 quae
566 2352 714 2390 autem
750 2363 775 2390 a
808 2363 879 2390 me
904 2353 952 2390 ut
975 2348 1151 2390 Genera
1174 2347 1364 2398 aliarum
1390 2346 1683 2388 Familiarum

114 2432 324 2472 suprema
368 2418 723 2470 considerantur,
765 2418 1060 2462 suadentibus
1093 2419 1473 2474 cystocarpiorum
1509 2407 1699 2459 charac?

112 2488 295 2538 teribus,
345 2489 536 2543 qualiter
584 2491 664 2532 hos
711 2490 1026 2545 intelligendos
1071 2490 1250 2545 putavi;
1296 2490 1356 2531 ita
1388 2489 1682 2543 Endoyeniam

113 2567 220 2613 puto
254 2560 408 2602 sistere
442 2561 595 2603 Genus
628 2561 810 2604 alterius
843 2561 1083 2617 cujusdam
1106 2561 1201 2616 typi
1224 2562 1377 2602 forsan
1402 2574 1679 2614 supremum,

111 2630 241 2682 cujus
276 2645 379 2672 vero
413 2632 656 2674 affinitates
690 2633 852 2687 aegrius
885 2633 1018 2674 hodie
1051 2632 1370 2687 dijudicantur,
1412 2631 1575 2686 ignotis
1608 2630 1681 2672 ad-

113 2700 200 2741 huc
249 2702 570 2758 splnerosporis
620 2704 819 2754 Generis,
865 2710 907 2746 et
940 2703 1063 2745 nullo
1097 2703 1183 2745 alio
1217 2704 1389 2745 Genere
1426 2702 1534 2743 mihi
1568 2702 1680 2744 bene

112 2772 289 2822 cognito
337 2774 467 2827 cujus
516 2779 748 2817 structurae
795 2775 1128 2817 characteribus
1173 2775 1407 2816 affinitatis
1440 2773 1707 2828 cujusdam,

112 2841 277 2882 indicia
327 2844 500 2896 probari
549 2850 765 2899 putarem.
832 2846 952 2887 Hinc
991 2846 1045 2888 de
1078 2846 1298 2887 affinitate
1333 2844 1531 2894 Generis,
1569 2843 1679 2884 mihi
