1779 3068
92 105 146 145 ΤΟ
596 154 599 157 ¹
713 101 1035 144 GRACILARlffl.

88 220 370 263 currentibus
419 218 625 261 corticale
667 233 823 261 versus
865 223 1067 267 stratum,
1108 220 1311 275 utrisque
1343 220 1662 275 promontoriis

89 291 180 334 suis
228 290 465 346 apiculatis
499 316 555 320 ——
588 291 717 345 quasi
766 290 1126 332 anastomosibus
1168 290 1351 333 tendere
1384 291 1442 333 ad
1475 295 1660 334 structu-

88 377 198 412 ram,
243 376 381 416 quam
423 361 556 404 hodie
588 361 982 417 plectocystideam
1018 361 1124 403 dixi.
1190 361 1322 404 Hanc
1354 362 1492 418 igitur
1527 368 1662 404 struc-

88 439 251 484 turam,
295 432 380 475 sibi
422 433 608 474 omnino
641 433 870 488 propriam
904 433 1057 475 sistere
1090 433 1394 475 characterem
1428 437 1662 475 structurae

86 504 326 560 insignem,
361 518 498 559 quem
531 518 623 546 non
657 505 783 559 potui
816 504 927 559 quin
960 504 1092 546 certis
1128 504 1384 546 Gracilariae
1418 504 1661 561 Speciebus

87 575 293 631 typicum
327 579 547 631 putarem.
613 574 734 617 Huic
767 575 952 617 sectioni
986 576 1233 631 pertinent:

372 705 550 747 Tamus
584 705 616 748 I.
681 705 905 747 CARNosAE
944 706 1178 760 frondibus
1218 706 1359 768 mayis
1388 707 1595 760 elonyatis
1627 712 1664 749 et

514 777 811 831 cylindraeez's,
845 777 935 829 fere
966 791 1292 832 quoquoversum
1309 781 1506 831 patenter
1529 792 1663 820 ramo-

513 848 574 890 sis
605 848 652 890 in
679 849 834 901 planta
855 848 1012 900 slew-ila·
1043 848 1091 890 in
1107 849 1262 901 planta
1283 848 1663 903 sphoerosporifera

513 923 588 961 aut
629 920 906 972 (adparenter
947 921 1150 970 annua)
1188 933 1301 961 nunc
1324 919 1421 973 fere
1454 923 1540 962 tota
1573 934 1662 962 con-

506 990 666 1044 formi,
713 1004 826 1033 nunc
873 990 941 1043 (in
980 990 1198 1032 nonnullis
1234 991 1491 1043 adparenter
1514 1006 1662 1044 peren—

513 1062 735 1116 nantibus)
768 1062 880 1104 alias
904 1066 1054 1115 partes
1084 1062 1244 1104 steriles
1276 1062 1514 1116 inferiores,
1550 1062 1663 1105 alias

513 1134 651 1187 mayz's
697 1137 973 1175 cncrescentes
1013 1133 1298 1187 corymbosam
1339 1136 1509 1187 partem
1547 1147 1661 1186 supe-

513 1205 668 1246 riorem
700 1205 864 1246 demum
897 1203 1289 1258 cystoca‘tpizferam
1323 1209 1559 1258 qenerante.

552 1300 579 1351 †
613 1299 779 1352 Species
827 1300 955 1351 (quas
1007 1313 1224 1340 annuas
1274 1299 1484 1352 suspicor)
1535 1303 1662 1341 totam

603 1371 803 1423 plantam
835 1370 1088 1425 conformem
1117 1374 1375 1424 generantes.

85 1465 153 1505 22.
226 1464 309 1506 GR.
346 1479 596 1506 RAMULOSA
631 1465 675 1507 J.
711 1465 791 1518 Ao.
827 1465 974 1518 Epicr.
1008 1479 1076 1507 quo
1108 1469 1165 1507 15
1191 1480 1235 1519 p.
1270 1468 1359 1506 41¹7
1379 1463 1431 1519 ik).

228 1619 261 1659 ²⁸)
288 1620 384 1653 Satis
418 1623 568 1653 constat
603 1616 822 1663 Harveyum
851 1620 949 1653 inter
976 1620 1139 1662 Species,
1166 1630 1212 1653 ex
1240 1620 1347 1653 Nova
1375 1619 1580 1653 Hollandia
1606 1620 1660 1653 di-

84 1679 267 1713 stributas
294 1680 365 1713 sub
392 1690 453 1713 n:o
479 1679 549 1712 426
581 1679 775 1722 specimen
811 1679 1063 1721 distribuisse,
1091 1679 1245 1712 nomine
1272 1679 1376 1712 nullo
1404 1679 1581 1722 specifico
1608 1679 1659 1712 in-

83 1742 281 1779 structum,
310 1739 409 1781 quod
437 1749 526 1773 vero
553 1738 592 1772 in
622 1737 772 1782 Synops.
801 1737 956 1782 Specier.
982 1738 1090 1782 Phyc.
1110 1738 1235 1779 Austr.
1263 1738 1418 1772 nomine
1448 1737 1514 1772 Gr.
1541 1749 1661 1772 ramu-

82 1797 165 1832 losoe
203 1798 451 1835 enumeravit,
491 1799 562 1831 sub
601 1809 675 1840 quo
714 1798 869 1832 nomine
906 1798 947 1831 in
986 1797 1113 1841 Epicr.
1153 1799 1252 1832 hanc
1298 1797 1469 1841 Speciem
1509 1808 1658 1840 quoque

78 1868 117 1900 p.
146 1858 216 1891 117
254 1861 445 1900 receptam
484 1858 625 1891 videas.
678 1858 849 1901 Speciem
888 1858 998 1899 hanc,
1038 1868 1172 1900 parum
1210 1868 1342 1891 revera
1379 1857 1581 1900 cognitam,
1621 1859 1659 1890 et

83 1917 207 1959 quoad
240 1928 329 1951 suas
360 1917 568 1951 affinitates
595 1917 750 1951 dubiam
780 1918 955 1951 lubenter
980 1928 1129 1960 quoque
1156 1917 1331 1959 dicerem,
1359 1919 1491 1960 utpote
1517 1917 1565 1950 ab
1592 1916 1659 1950 ori-

82 1976 169 2019 gine
195 1980 276 2010 tum
303 1977 427 2019 quoad
454 1977 665 2019 specimina
691 1977 818 2010 minus
846 1977 998 2011 evoluta
1024 1987 1094 2010 nec
1119 1976 1230 2010 facile
1249 1976 1557 2018 dignoscendam,
1576 1978 1657 2009 tum

81 2046 231 2078 quoque
269 2036 348 2069 suis
388 2037 669 2070 characteribus
709 2047 777 2070 nec
817 2037 864 2070 ad
904 2047 1030 2075 unam,
1070 2047 1139 2070 nec
1179 2036 1227 2069 ad
1262 2036 1421 2069 alteram
1448 2035 1657 2069 sectionem

82 2094 241 2128 Generis
275 2095 490 2129 evidentius
527 2096 748 2129 tendentem
781 2096 956 2129 lubenter
990 2096 1250 2129 confitendum
1277 2094 1463 2138 adparuit.
1516 2095 1592 2128 Nec
1618 2094 1657 2127 in

83 2154 230 2187 Genere
257 2155 430 2195 naturali,
459 2155 671 2188 numerosis
700 2155 904 2198 Speciebus
932 2158 1111 2196 scatente,
1139 2155 1223 2188 aliis
1250 2155 1289 2188 in
1315 2154 1408 2187 alias
1428 2154 1656 2187 directiones

82 2213 341 2254 tendentibus,
369 2214 496 2257 plures
523 2225 673 2257 quoque
699 2215 841 2248 formas
869 2215 1015 2258 typicas
1043 2214 1223 2248 obvenire
1250 2224 1362 2257 posse
1390 2213 1656 2255 denegandum

82 2273 289 2313 videretur;
331 2277 368 2307 et
400 2273 438 2306 in
476 2274 665 2316 ejusmodi
692 2274 840 2307 Genere
867 2285 1016 2317 quoque
1043 2273 1225 2308 obvenire
1251 2284 1364 2316 posse
1390 2274 1532 2306 formas
1559 2273 1658 2305 inter

82 2333 209 2375 plures
238 2332 397 2366 Generis
424 2334 549 2376 Typos
576 2333 684 2376 quasi
711 2333 945 2374 collidentes,
980 2334 1027 2367 de
1053 2333 1192 2376 quibus
1220 2343 1315 2375 aegre
1342 2332 1479 2366 dicitur
1505 2331 1657 2365 cuinam

80 2392 186 2434 Typo
225 2392 378 2425 easdem
417 2393 557 2426 referre
595 2386 823 2436 opporteret.
877 2393 1075 2436 Ejusmodi
1110 2392 1279 2435 Speciem
1309 2393 1348 2425 in
1376 2391 1439 2425 Gr.
1467 2390 1658 2424 ramulosa

82 2452 362 2493 agnoscendam
390 2455 574 2495 putarem.
619 2454 853 2486 Structuram
880 2464 993 2495 quam
1021 2452 1134 2486 hodie
1160 2453 1200 2485 in
1226 2451 1421 2485 nonnullis
1450 2449 1655 2493 Speciebus

82 2510 299 2543 Gracilariae
326 2511 635 2555 microcysticleam
662 2512 753 2551 dixi,
781 2512 819 2545 in
847 2512 930 2545 aliis
958 2515 1084 2545 autem
1113 2511 1318 2554 Speciebus
1333 2508 1654 2553 pleetoeystz'deam,

81 2579 193 2610 quam
234 2570 272 2603 in
312 2570 394 2603 aliis
435 2571 640 2614 Speciebus
681 2572 886 2605 admodum
921 2571 1112 2605 diversam
1140 2570 1350 2610 observavi,
1378 2580 1479 2603 nunc
1505 2577 1655 2610 quoque

81 2628 262 2662 obvenire
289 2640 401 2672 posse
427 2629 479 2663 ita
507 2641 639 2673 parum
667 2631 870 2671 evolutam,
898 2634 940 2664 ut
966 2631 1004 2664 in
1032 2630 1220 2673 ejusmodi
1248 2629 1380 2672 Specie
1406 2639 1504 2671 aegre
1531 2627 1654 2660 dicere

82 2687 192 2720 liceat
231 2689 381 2722 cuinam
421 2700 466 2722 ex
507 2689 566 2722 his
607 2690 732 2732 potius
772 2690 1113 2733 adproximandam
1153 2690 1308 2723 diceres.
1361 2689 1397 2722 Si
1437 2687 1582 2721 cellulae
1615 2685 1655 2718 in

81 2746 382 2789 iila-rocystideis
420 2749 581 2791 propriis
618 2749 671 2782 ita
697 2752 797 2783 arcte
824 2750 1139 2792 adproximantur
1165 2752 1207 2782 ut
1233 2749 1280 2781 ab
1307 2748 1415 2781 initio
1442 2746 1654 2780 rotundatae

82 2805 224 2838 cellulae
264 2806 342 2839 suis
384 2807 591 2849 parietibus
631 2809 906 2851 adproximatis
946 2808 1173 2851 proveniant
1211 2808 1399 2850 angulatae
1437 2809 1475 2840 et
1505 2804 1653 2847 angulis

82 2865 285 2897 rectilineis
323 2866 600 2900 alternantibus
635 2868 742 2909 quasi
770 2868 932 2901 invicem
960 2870 1159 2905 concretae;
1202 2867 1240 2900 in
1268 2867 1391 2900 vicina
1418 2876 1505 2900 vero
1533 2866 1654 2898 forma
