1779 3068
142 81 202 121 48
770 77 1097 119 GRACILARIAE.

147 212 242 239 ram
278 196 407 251 quasi
441 196 693 237 Geminulae
721 196 911 251 propriae
934 221 986 226 ——
1012 196 1083 238 cui
1106 195 1193 238 alia
1215 196 1330 239 inter
1352 197 1488 253 Algas
1511 199 1717 254 exempla

147 282 246 309 raro
280 267 568 309 obvenientia
600 268 861 321 suspicarer.

290 338 341 379 In
375 342 467 379 tota
501 338 584 380 hac
617 337 872 380 evolutione
905 342 948 380 et
981 351 1109 380 novae
1144 339 1282 394 partis
1315 339 1486 394 origine
1516 354 1584 382 me
1608 355 1717 382 cres-

147 409 277 451 cendi
328 408 511 450 modum
563 409 835 456 observasse,
888 409 1018 465 cujus
1066 408 1238 451 nullum
1289 409 1411 452 aliud
1459 411 1714 467 exemplum

148 481 264 522 inter
299 479 434 535 Algas
467 480 577 521 mihi
612 480 813 534 cognitas
847 481 1064 529 noverim,
1099 481 1183 523 nisi
1221 481 1351 522 modo
1387 481 1584 536 quodam
1617 496 1717 524 ana—

148 552 247 606 logo
282 551 379 606 ipsa
411 551 692 606 cystooarpia
724 551 770 592 in
810 551 1066 593 Gracilariis
1104 552 1320 606 generari,
1356 566 1426 594 me
1459 552 1719 595 observasse

147 627 366 677 putarem.
423 621 647 664 Initialem
681 622 886 664 cellulam
921 623 1199 678 cystocarpii,
1230 628 1355 665 extra
1378 623 1515 665 axiles
1538 624 1719 666 intimas

148 694 401 740 formatam,
453 699 495 735 et
543 693 677 735 simili
728 693 861 735 modo
910 708 988 735 sua
1038 693 1300 735 membrana
1341 694 1585 736 admodum
1621 709 1718 737 con·

118 766 120 769 ’
150 765 305 820 spicua
354 765 559 813 cinctam,
604 769 646 806 et
686 779 826 807 novas
860 764 1040 807 cellulas
1073 765 1120 806 in
1154 779 1234 807 suo
1267 765 1476 808 interiore
1508 780 1719 821 generan-

149 842 258 878 tem:
309 836 390 877 has
439 850 544 878 vero
590 836 770 877 cellulas
818 850 970 882 novas,
1015 836 1112 890 ipsa
1147 850 1227 878 sua
1260 837 1502 879 directione
1535 837 1590 879 ab
1623 837 1720 879 aliis

151 907 320 949 cellulis
363 907 536 949 frondis
577 922 680 949 mox
714 907 1053 962 dignoscendas,
1089 908 1133 948 111
1168 907 1277 949 alias
1311 908 1575 950 directiones
1609 922 1720 950 sece-

150 979 267 1029 dere,
317 984 448 1034 prout
490 984 566 1020 aut
606 979 659 1020 ad
700 979 854 1021 basem
894 979 1034 1034 ipsius
1068 979 1304 1035 pericarpii
1338 979 1577 1034 conspicue
1611 979 1721 1021 dila-

149 1055 302 1095 tatam,
338 1056 415 1092 aut
448 1050 503 1092 ad
538 1051 788 1105 superiores
821 1051 1057 1106 pericarpii
1101 1050 1282 1092 cellulas
1316 1051 1459 1106 magis
1493 1051 1721 1106 elongatas

151 1126 193 1163 et
241 1136 322 1163 sua
370 1121 613 1164 directione
657 1121 868 1171 diversas,
913 1127 991 1163 aut
1032 1121 1227 1176 denique
1260 1121 1314 1163 ad
1350 1122 1601 1177 placentam
1635 1122 1722 1176 glo-

152 1193 305 1234 bosam
351 1193 638 1234 formandam
678 1192 910 1234 destinatae
943 1193 1223 1248 proveniant.
1288 1192 1628 1248 Cystocarpium
1662 1194 1722 1235 ita

150 1269 247 1306 tum
298 1264 389 1305 suis
438 1263 607 1305 cellulis
656 1264 804 1305 forma
852 1264 1053 1311 diversis,
1096 1269 1191 1305 tum
1237 1264 1329 1305 suis
1364 1263 1579 1305 limitibus
1613 1263 1721 1305 indi-

151 1340 313 1379 catum,
365 1335 481 1376 intra
530 1335 737 1376 frondem
781 1335 966 1376 omnino
1006 1335 1272 1376 immersum
1305 1335 1515 1381 nascitur,
1551 1339 1595 1376 at
1626 1339 1721 1376 tum

151 1406 414 1461 cogentibus
463 1406 633 1448 cellulis
682 1406 1119 1462 circumjacentibus,
1169 1411 1264 1448 tum
1314 1406 1457 1460 magis
1491 1406 1723 1461 magisque

151 1478 197 1519 in
246 1482 411 1519 certam
461 1477 752 1520 directionem
795 1477 1154 1519 excrescentibus
1193 1476 1362 1519 cellulis
1404 1477 1545 1533 ipsius
1585 1481 1722 1532 cysto—

151 1549 287 1604 carpii
339 1549 422 1590 hoc
471 1549 614 1604 magis
666 1549 897 1603 magisque
946 1553 1197 1590 extrorsum
1238 1549 1421 1603 cogitur,
1463 1553 1504 1590 et
1537 1548 1721 1590 demum

152 1620 336 1661 omnino
386 1635 623 1666 emersum,
676 1625 717 1661 et
766 1620 875 1675 quin
920 1621 1059 1661 immo
1093 1619 1187 1661 basi
1222 1620 1461 1675 conspicue
1496 1623 1721 1661 contracta

152 1692 479 1747 cystocaipium
524 1692 755 1747 proprium
803 1696 1040 1733 externum
1083 1690 1228 1733 dicere
1271 1696 1536 1746 opporteret,
1572 1691 1722 1732 forsan

150 1763 364 1804 omnibus
398 1762 655 1804 Gracilariae
690 1762 931 1818 Speciebus
965 1763 1046 1804 rite
1080 1762 1270 1804 evolutis
1298 1756 1719 1804 characteristicum.

296 1834 347 1875 In
393 1834 551 1889 planta
592 1848 696 1876 vero
743 1821 1032 1889 perennante,
1076 1833 1256 1888 qualem
1290 1833 1477 1874 eandem
1513 1833 1560 1874 in
1593 1832 1720 1874 Grac.

155 1905 429 1961 Harveyana
472 1911 514 1947 et
553 1905 626 1946 Gr.
663 1905 891 1961 paradoxa
923 1904 1262 1946 reviviscentem
1299 1918 1370 1945 me
1403 1903 1567 1946 vidisse
1600 1908 1720 1958 puto,

153 1977 304 2018 forsan
342 1976 487 2018 dicere
521 1976 671 2018 liceret
704 1977 904 2031 plantam
940 1990 1104 2018 novam
1138 1990 1192 2017 ex
1225 1975 1331 2017 axili
1354 1976 1534 2030 regione
1558 1974 1723 2030 plantae

154 2052 339 2090 vetustae
389 2048 482 2089 fieri
531 2048 810 2098 inchoata1n;
861 2053 903 2089 et
951 2047 1012 2088 ita
1058 2047 1103 2088 in
1154 2047 1237 2088 hac
1281 2060 1398 2088 nova
1430 2046 1598 2101 planta,
1633 2040 1723 2087 suis

155 2119 389 2174 metipsius
440 2119 641 2174 partibus
689 2119 905 2168 instituta,
956 2132 1125 2160 novum
1174 2118 1303 2173 quasi
1345 2116 1549 2159 ordinem
1587 2116 1722 2166 nasci,

154 2191 282 2245 quasi
317 2190 662 2245 suis-metipsius
696 2189 866 2232 cellulis
900 2189 1215 2239 introductam,
1251 2193 1293 2230 et
1326 2189 1441 2230 hanc
1465 2202 1545 2229 suo
1570 2187 1724 2229 ordine

156 2261 248 2303 fieri
293 2261 384 2303 suis
427 2262 563 2303 ramis
607 2261 897 2316 ramulisque,
937 2261 1120 2315 suisque
1154 2259 1356 2316 partibus
1390 2259 1630 2301 fructiferis
1663 2259 1724 2300 in-

157 2337 383 2383 structam,
435 2333 600 2388 quibus
651 2332 953 2374 mediantibus
1007 2331 1308 2374 evolutionem
1356 2331 1510 2372 forsan
1557 2328 1723 2385 pluries

155 2404 389 2459 repetitam
424 2403 772 2458 exspectandam
808 2403 1035 2445 videretur
1052 2401 1103 2457 ἧς)
1211 2394 1214 2397 ¹
1692 2393 1695 2397 ’

302 2665 334 2706 *l
371 2666 492 2706 Quam
538 2676 668 2708 parum
714 2665 865 2698 valeant
907 2665 1142 2698 characteres
1182 2661 1394 2696 habituales
1433 2661 1472 2694 in
1515 2659 1726 2694 Generibus

160 2725 415 2759 Floridearum
453 2724 734 2766 dignoscendis
771 2724 925 2766 speciali
958 2733 1108 2765 quoque
1135 2721 1320 2764 exemplo,
1348 2721 1510 2754 formam
1537 2718 1726 2762 quandam

161 2784 272 2818 hodie
299 2784 423 2826 quoad
451 2795 539 2817 suas
568 2783 773 2817 affinitates
801 2783 955 2816 dubiam
984 2792 1043 2815 me
1070 2780 1244 2815 docuisse
1271 2783 1373 2823 puto.
1422 2779 1595 2812 Existere
1621 2777 1726 2811 nimi-

156 2854 241 2876 rum
271 2843 442 2886 Speciem
471 2843 672 2885 quandam,
701 2853 747 2875 ex
775 2842 850 2875 oris
877 2841 996 2875 Indiae
1024 2839 1268 2874 occidentalis
1294 2849 1316 2872 a
1342 2838 1490 2880 Wright
1520 2837 1726 2877 collectam,
