1779 3068
138 136 194 175 445
763 131 1090 174 GRAOILARIAE.

139 256 235 293 tum
271 257 419 306 partes
454 250 705 291 fructiferas
730 250 991 304 generantia
1015 250 1058 290 in
1084 250 1272 305 singulis
1296 251 1522 306 stipitibus
1546 266 1710 293 excres-

138 321 342 363 centibus
365 328 408 362 et
430 334 511 362 suo
535 320 714 375 proprio
738 319 1073 361 ramificatiouis
1096 320 1230 361 modo
1254 321 1427 362 facilius
1452 321 1714 376 dignoscen-

139 392 219 440 dis,
256 398 297 434 et
333 396 479 447 partes
512 392 673 433 harum
706 391 965 446 Specierum
990 391 1249 433 fructiferas
1272 406 1353 433 suo
1378 392 1509 433 modo
1534 393 1715 447 proprio

137 464 328 505 invicem
366 463 466 518 plus
503 463 652 503 minus
685 462 862 503 diverso
897 462 1229 517 generantibus.
1295 463 1474 518 Species
1507 464 1579 509 ita,
1614 464 1713 506 aliis

136 534 469 577 characteribus
503 533 651 588 quoad
686 534 828 588 ipsam
864 540 1133 575 structuram
1172 534 1341 575 frondis
1375 535 1587 580 diversas,
1613 549 1710 577 con-

136 612 348 661 gruentes
381 605 595 647 obvenire
628 605 674 645 in
709 604 841 645 modo
875 618 965 659 quo
996 610 1143 658 partes
1166 605 1418 646 fructiferas
1443 620 1598 660 parare
1621 613 1712 648 ten-

136 677 251 719 dunt
291 677 374 719 sibi
418 676 750 725 convenientes,
794 676 1012 718 indicium
1052 680 1230 729 egomet
1267 676 1472 718 lubenter
1505 683 1708 732 putarem

138 748 256 790 haud
294 748 543 796 affinitatis,
578 746 653 789 sed
688 751 864 789 tantum
899 746 1097 788 indicare
1127 747 1467 801 congruentiam
1492 748 1537 788 in
1564 749 1711 801 modo,

136 834 226 875 quo
275 827 378 861 suas
428 824 576 874 partes
624 817 990 862 fructificationis,
1045 818 1233 873 singulis
1281 824 1409 873 aptas
1457 833 1712 874 praeparare

137 890 332 941 valeant;
377 895 421 932 et
462 890 546 932 hoc
588 889 721 931 modo
762 888 1014 931 indicantes
1054 889 1297 944 analogias,
1340 889 1495 944 quales
1534 891 1578 931 in
1612 891 1713 933 aliis

136 961 389 1003 Generibus
421 975 650 1003 assumere
683 961 1001 1002 consuevimus
1034 961 1151 1002 inter
1182 961 1292 1003 alias
1318 961 1497 1016 Species
1520 976 1707 1011 annuas,

135 1034 245 1075 alias
280 1038 579 1089 perennantes
613 1032 817 1088 ejusdem
851 1032 1050 1073 Generis.

278 1105 345 1146 De
397 1104 669 1160 quibusdam
720 1117 824 1145 vero
877 1103 1134 1145 Gracilariae
1185 1103 1442 1158 Speciebus,
1492 1117 1604 1158 quas
1652 1102 1709 1144 ad

136 1177 488 1231 Microcystideas
519 1176 793 1231 pertinentes
826 1180 1095 1216 structuram
1132 1175 1330 1229 ipsarum
1356 1174 1560 1216 docuisse
1585 1184 1707 1228 puto,

135 1248 253 1290 hanc
285 1254 435 1290 tamen
471 1254 742 1289 structuram
771 1246 951 1301 proprio
974 1246 1170 1301 quodam
1195 1246 1330 1287 modo
1353 1247 1448 1288 fieri
1472 1252 1706 1295 mutatam,

135 1333 226 1360 non
262 1319 386 1374 potui
419 1318 530 1374 quin
564 1318 748 1360 seorsim
783 1331 1027 1359 monerem.
1081 1317 1132 1358 In
1168 1332 1272 1368 una,
1306 1331 1443 1372 quam
1472 1318 1564 1359 suis
1589 1316 1709 1358 habi-

135 1389 331 1432 tualibus
364 1390 482 1432 notis
514 1389 669 1430 sistere
702 1393 905 1443 putarem
942 1388 1137 1429 formam
1172 1388 1375 1442 proxime
1403 1386 1461 1428 ad
1489 1387 1564 1430 Gr.
1593 1387 1707 1429 Har·

132 1475 337 1515 veyanam
381 1461 682 1510 accedentem,
727 1465 888 1515 praeter
920 1464 1068 1515 partes
1103 1474 1207 1501 vero
1240 1458 1457 1514 ejusdem,
1492 1473 1605 1514 quas
1638 1472 1706 1513 pe-

133 1538 374 1574 rennantes
423 1537 627 1586 putarem
678 1530 891 1586 praeteriti
939 1530 1060 1580 anni,
1110 1544 1193 1572 sua
1238 1530 1438 1572 crassitie
1485 1535 1529 1572 et
1566 1529 1704 1571 consi-

134 1603 297 1644 stentia
331 1601 555 1657 ejusmodi
587 1602 894 1656 conjecturam
921 1601 1152 1656 probante,
1177 1601 1366 1655 sparsim
1392 1601 1709 1656 provenientes

131 1688 204 1716 me
251 1673 417 1716 vidisse
465 1673 700 1715 fasciculos
748 1672 1027 1714 ramulorum
1076 1672 1219 1714 multo
1269 1672 1504 1721 tenuiores,
1555 1686 1706 1714 ramos

131 1744 314 1787 alterius
347 1744 468 1794 anni,
502 1758 585 1786 sua
617 1743 833 1786 tenuitate
865 1748 1002 1798 atque
1035 1748 1128 1785 tota
1159 1757 1241 1785 sua
1268 1743 1533 1798 adparentia
1554 1744 1704 1785 forsan

134 1816 388 1871 probanteS,
437 1821 573 1870 atque
620 1815 691 1857 his
740 1815 926 1857 ulterius
968 1814 1329 1856 excrescentibus
1372 1820 1422 1857 ut
1453 1829 1707 1870 supponere

130 1887 358 1936 auderem,
409 1887 603 1928 formam
652 1892 694 1928 et
741 1886 1079 1928 ramificatiouis
1127 1900 1332 1927 normam
1384 1887 1486 1927 huic
1533 1886 1706 1940 Speciei

131 1959 360 2014 propriam
411 1959 717 2000 induentibus.
793 1959 920 2013 Ipsos
967 1972 1128 2005 ramos,
1177 1973 1204 1999 a
1251 1958 1418 2012 quibus
1469 1958 1706 2000 fasciculos

131 2030 411 2073 ramulorum
446 2030 761 2085 provenientes
794 2029 899 2079 vidi,
935 2035 1205 2071 structuram
1240 2030 1402 2071 offerre
1436 2029 1704 2085 microcysti-

133 2102 278 2153 deam,
313 2107 382 2143 sat
412 2101 666 2143 evidentem
691 2115 873 2156 quoque
895 2115 968 2142 me
990 2101 1262 2143 observasse.
1313 2100 1529 2142 Cellulam
1554 2105 1705 2142 autem

132 2174 293 2215 horum
328 2172 491 2215 axilem
527 2186 648 2214 nunc
679 2172 725 2214 in
759 2171 990 2214 nonnullis
1023 2172 1116 2214 vidi
1149 2186 1310 2227 parum
1340 2186 1368 2213 a
1389 2171 1705 2227 circumjacen-

131 2245 252 2287 tibus
300 2244 545 2292 diversam;
594 2243 785 2285 eandem
830 2257 936 2286 vero
967 2243 1013 2285 in
1048 2243 1252 2298 partibus
1283 2243 1486 2298 stipitum
1520 2243 1704 2284 adultio-

130 2316 256 2358 ribus
288 2320 523 2366 mutatam,
557 2322 601 2357 et
632 2315 761 2370 quasi
793 2314 1087 2357 dissolutione
1109 2314 1306 2370 quadam
1332 2319 1561 2369 praeeunte
1583 2315 1704 2369 ipsas

131 2387 313 2429 cellulas
360 2387 543 2428 intimas
591 2386 722 2441 signa
763 2386 961 2442 praebere
993 2386 1123 2441 quasi
1156 2385 1463 2428 dissolutionis
1494 2391 1574 2427 aut
1604 2399 1702 2427 con-

130 2458 371 2500 sumtionis
417 2457 654 2513 cujusdam
703 2458 902 2513 generis;
950 2458 1021 2499 his
1068 2467 1221 2499 autem
1262 2456 1459 2498 axilibus
1496 2460 1541 2498 et
1570 2456 1704 2511 adpa-

131 2534 278 2571 renter
310 2528 608 2572 dissolvendis
640 2529 895 2584 proximam
929 2528 1022 2571 vidi
1055 2527 1264 2570 cellulam
1296 2527 1427 2583 quasi
1460 2541 1625 2569 novam
1658 2531 1704 2569 et

129 2601 432 2651 inchoantem,
481 2614 564 2642 sua
610 2600 877 2642 membrana
919 2599 1169 2655 gelatinosa
1202 2599 1328 2641 tereti
1360 2603 1430 2640 sat
1459 2599 1703 2654 conspicue

130 2671 401 2722 distinctam,
435 2677 479 2714 et
510 2672 628 2714 hanc
658 2671 892 2726 impletam
925 2671 1276 2713 endocliromate
1306 2670 1437 2725 quasi
1458 2670 1702 2724 granuloso

129 2743 386 2785 lutescente.
451 2742 566 2792 Quae
613 2757 720 2786 vero
766 2743 830 2785 ita
875 2742 1067 2798 granula
1113 2742 1226 2783 mihi
1270 2741 1578 2797 adparuerunt
1609 2753 1701 2781 uno

131 2814 239 2861 loco,
280 2814 327 2855 in
367 2814 455 2856 alio
492 2819 724 2869 segmento
757 2828 912 2856 revera
943 2814 1098 2855 sistere
1130 2812 1298 2854 indicia
1328 2811 1589 2854 cellularum
1623 2811 1702 2852 mi-

130 2884 488 2935 nutissimarum,
536 2899 650 2940 quas
696 2899 779 2927 sua
823 2886 974 2927 forma
1019 2889 1063 2926 et
1108 2888 1325 2926 contentu
1374 2883 1448 2924 vix
1495 2882 1579 2923 nisi
1618 2895 1700 2923 sua
