1779 3068
113 108 172 146 66
737 104 1062 148 GRACILARIAE.

112 224 342 257 alternantes
383 226 425 256 ut
462 223 611 256 facilius
650 222 734 264 quis
765 223 907 256 diceret
932 225 1232 258 anastomosium
1259 226 1432 268 quaedam
1458 227 1608 270 indicia,
1635 227 1683 261 ab

113 293 187 316 una
213 283 259 315 ad
286 282 443 315 alteram
471 281 645 315 cellulam
672 282 951 315 transeuntium
972 283 1163 326 obvenire,
1182 284 1319 326 quibus
1339 286 1544 319 exteriores
1563 286 1680 320 series

111 341 329 375 cellularum
358 352 444 374 curn
471 341 713 374 interioribus
741 351 932 374 connexas
959 342 1231 385 suspicandum
1259 343 1460 378 videretur.
1511 345 1682 388 Speciem

110 401 224 442 igitur
262 411 283 433 a
321 410 382 433 me
419 400 648 442 descriptam
688 400 735 432 ad
774 399 1082 443 microcystideas
1120 402 1290 444 proprias
1326 403 1563 437 referendam
1597 414 1682 438 esse

109 459 211 492 haud
238 459 491 492 dubitandum
518 458 612 491 mihi
641 459 873 501 adparuisse.

256 518 445 559 Quaeritur
483 528 571 552 vero
611 518 724 551 hodie
763 518 794 550 si
835 518 985 560 Species
1021 519 1093 552 sub
1126 520 1280 553 nomine
1307 521 1369 554 Gr.
1397 521 1634 564 Harveyanae
1660 532 1682 556 a

109 588 170 611 me
202 578 393 620 descripta
427 578 499 611 sub
529 577 691 611 diversis
718 577 947 611 evolutionis
973 578 1106 611 stadiis
1133 579 1186 612 ita
1211 579 1318 613 fieret
1343 583 1489 613 mutata
1515 583 1555 614 ut
1582 581 1682 614 intra

108 637 248 670 limites
288 636 460 679 ejusdem
501 636 646 679 Speciei
685 637 807 669 forma
845 636 1017 679 quaedam
1058 637 1263 671 admodum
1301 639 1512 681 peculiaris,
1549 640 1627 682 jam
1658 650 1681 673 a

108 697 261 739 Harvey
287 696 359 729 sub
385 696 540 729 nomine
570 694 787 729 Clzomlrioe?
812 694 1010 738 paradoxa}
1036 695 1229 739 Algologis
1255 698 1450 731 nonnullis
1476 698 1681 732 distributa

75 750 79 754 ⁴
108 755 267 788 eandem
310 755 559 788 constitueret
601 755 790 797 Speciem,
841 758 949 788 aetate
991 758 1058 788 aut
1099 756 1292 789 nonnullis
1336 757 1616 791 characteribus
1659 768 1681 791 a

111 813 322 848 Chondria?
347 814 412 847 illa
433 813 628 857 paradoxa
653 814 854 848 diversam.

250 874 408 914 Qualem
448 873 617 916 plantam
656 873 810 918 nomine
849 873 912 906 Gr.
942 873 1177 917 Harveyanae
1216 874 1456 917 descriptam,
1497 875 1591 908 mihi
1630 885 1677 909 ex

107 932 321 976 Champion
347 933 421 976 bay
447 933 563 967 Novae
590 933 805 966 Hollandiae
836 932 1080 966 occidentalis
1108 936 1189 966 tum
1215 933 1383 967 sterilem
1410 937 1491 968 tum
1519 938 1678 977 utroque

105 992 231 1025 fructu
269 993 493 1026 instructam
534 992 622 1034 vidi,
662 992 832 1035 plantam
871 991 934 1025 Gr.
961 992 1065 1025 durae
1103 993 1185 1026 sine
1223 992 1339 1026 dubio
1378 994 1604 1036 proximam,
1639 996 1677 1027 at

106 1052 368 1094 magnitudine
406 1051 661 1094 sesquipedali
701 1055 738 1085 et
775 1062 844 1085 suo
882 1051 1015 1084 habitu
1043 1052 1163 1094 magis
1193 1050 1258 1086 Gr.
1289 1051 1561 1096 Confervoiclem
1587 1053 1680 1086 refe-

105 1114 262 1152 rentem,
302 1111 384 1144 aliis
424 1111 605 1144 nimirum
643 1110 918 1153 speciminibus
961 1111 1000 1143 in
1039 1111 1119 1144 suis
1158 1111 1273 1144 ramis
1312 1111 1482 1154 sparsius
1521 1112 1678 1145 furcatis

105 1170 352 1213 cystocarpia,
390 1170 474 1203 aliis
513 1170 628 1203 ramis
667 1170 787 1212 magis
827 1169 1046 1203 secundatis
1082 1170 1367 1213 sphaerosporas
1395 1171 1676 1213 generantibus.

105 1229 279 1262 Plantam
318 1230 371 1262 ita
408 1229 600 1262 evolutam
633 1240 702 1262 sua
729 1229 899 1262 crassitie
929 1227 994 1262 Gr.
1021 1228 1153 1262 (Iuram
1180 1230 1244 1263 vix
1270 1233 1526 1272 superantem,
1554 1230 1674 1272 magis

104 1288 387 1330 cartilagineam
414 1288 578 1322 dicerem
605 1291 718 1330 atque
744 1288 816 1321 sub
842 1288 1097 1321 exsiccatione
1124 1288 1177 1321 ita
1201 1291 1432 1322 contractam
1451 1290 1675 1332 suspicarer,

104 1351 145 1381 ut
183 1348 281 1381 hanc
320 1348 368 1381 ob
400 1348 586 1381 rationem
623 1347 761 1381 chartae
788 1357 923 1390 parum
949 1347 1207 1380 adhaerentem
1235 1350 1418 1391 putarem,
1445 1358 1677 1391 quamquam

103 1407 337 1440 sectionibus
364 1407 605 1440 observatam
632 1406 771 1440 eximie
797 1406 1047 1449 gelatinosam
1068 1425 1110 1429 ——
1130 1407 1162 1440 si
1189 1417 1267 1440 non
1294 1407 1525 1449 glutinosam
1552 1407 1676 1441 dicere

103 1469 331 1509 opporteret.
383 1466 557 1500 Sectione
588 1466 855 1508 longitudinali
883 1465 1038 1499 cellulas
1064 1465 1228 1499 dicerem
1256 1465 1364 1499 strati
1390 1466 1579 1500 interioris
1605 1476 1675 1500 suo

102 1525 287 1559 diametro
313 1525 561 1568 3:plo—4:plo
587 1525 788 1568 longiores,
815 1525 1018 1567 granuloso
1044 1528 1226 1559 contentu
1252 1524 1338 1568 plus
1364 1525 1491 1559 minus
1518 1526 1672 1565 farctas;

102 1588 215 1626 atque
241 1585 482 1618 membranas
509 1585 728 1619 cellularum
757 1585 967 1628 glutinosas
994 1585 1206 1619 accuratius
1231 1586 1447 1619 observanti
1467 1585 1674 1628 adpareant

102 1644 209 1686 quasi
242 1645 383 1678 indicia
418 1645 653 1688 apiculorum
685 1645 1041 1687 minutissimorum,
1068 1645 1206 1687 quibus
1233 1645 1361 1687 anguli
1388 1645 1502 1678 unius
1529 1644 1673 1678 cellulae

101 1704 208 1745 quasi
247 1705 554 1738 anastomosibus
592 1705 805 1748 junguntur
844 1716 930 1739 cum
968 1705 1105 1738 iisdem
1145 1704 1305 1748 apiculis
1344 1704 1499 1737 alterius
1527 1703 1671 1737 cellulae

102 1764 250 1803 vicinae;
279 1766 317 1797 at
343 1764 521 1798 omnibus
547 1765 607 1797 his
634 1765 793 1807 apiculis
820 1765 874 1797 ita
900 1775 1033 1807 parum
1060 1763 1275 1806 conspicuis
1302 1766 1345 1796 ut
1362 1763 1427 1796 vix
1448 1763 1487 1797 in
1505 1763 1673 1796 sectione

101 1823 357 1864 tmnsversali,
399 1826 436 1856 at
470 1826 530 1857 sat
561 1824 764 1866 conspicue
791 1823 959 1857 sectione
985 1823 1087 1856 facta
1111 1822 1377 1865 longitudinali
1405 1822 1670 1861 observantur3

100 1882 192 1924 quin
226 1882 343 1915 inimo
375 1882 416 1916 in
449 1883 583 1916 fronde
610 1883 663 1916 ita
688 1886 792 1916 secta
817 1885 876 1916 sat
902 1882 1097 1925 conspicui
1125 1882 1386 1923 observantur,
1414 1884 1452 1915 et
1477 1881 1570 1924 ipsis
1597 1881 1671 1924 api-

100 1941 194 1975 culis
230 1941 384 1975 demum
417 1942 632 1984 conjunctis
669 1945 707 1975 et
736 1942 939 1984 granuloso
966 1944 1147 1975 contentu
1174 1951 1323 1983 quoque
1349 1941 1389 1974 in
1415 1941 1474 1973 his
1501 1950 1672 1983 expanso

99 2000 253 2034 demum
279 2001 481 2035 observare
506 2001 619 2035 licere
646 2011 761 2034 unam
788 2001 963 2035 cellulam
989 2011 1076 2034 cum
1103 2000 1238 2034 vicinis
1266 2000 1538 2038 confluentem;
1579 1999 1671 2042 quin

99 2059 216 2093 immo
255 2060 327 2093 hoc
366 2060 479 2094 modo
517 2060 644 2103 plures
681 2060 835 2094 cellulas
863 2060 971 2102 quasi
998 2059 1233 2093 confluentes
1260 2059 1300 2092 in
1326 2059 1442 2092 series
1469 2058 1669 2101 longiores,

99 2119 253 2153 demum
292 2130 441 2162 quoque
479 2120 684 2153 lateraliter
718 2119 908 2153 consimili
940 2119 1053 2153 modo
1078 2118 1240 2162 junctas.
1292 2118 1514 2152 Meminisse
1541 2122 1671 2151 tamen

98 2178 223 2221 placet
254 2178 293 2212 in
326 2178 514 2221 ejusmodi
547 2178 721 2221 congerie
748 2178 968 2212 cellularum
996 2178 1099 2221 ipsas
1126 2178 1281 2212 cellulas
1308 2187 1530 2220 permanere
1557 2177 1671 2220 cylin-

98 2238 252 2271 draceas
289 2239 372 2279 (nec
410 2237 630 2272 obvolutivas
662 2240 700 2271 et
731 2238 784 2272 ita
810 2238 939 2280 flexas,
968 2240 1010 2271 ut
1035 2248 1151 2271 unam
1178 2237 1352 2271 cellulam
1379 2237 1486 2279 quasi
1514 2236 1668 2269 alteram

96 2308 166 2330 sua
192 2300 298 2340 parte
324 2299 389 2331 aut
414 2297 559 2330 laterali
586 2300 651 2330 aut
676 2297 867 2331 terminali
894 2296 1298 2340 semi-amplectentem
1324 2296 1448 2330 dicere
1475 2296 1599 2336 liceat)
1626 2314 1669 2318 —-

97 2367 170 2399 quo
209 2357 426 2391 charactere
464 2357 557 2390 alias
597 2357 748 2400 Species
783 2357 953 2399 Generis,
982 2367 1003 2390 a
1028 2367 1089 2389 me
1109 2354 1408 2402 plectocystideas
1432 2355 1565 2396 dictas,
1593 2354 1669 2397 dig—

96 2416 309 2450 noscendas
342 2416 473 2459 putavi
500 2429 560 2456 —;
595 2419 633 2450 et
664 2417 736 2450 hoc
769 2416 931 2450 ducente
958 2416 1174 2450 charactere
1201 2415 1374 2458 Speciem
1399 2415 1669 2457 Harveyanam

96 2475 168 2508 sub
200 2475 356 2509 nomine
385 2474 450 2509 Gr.
476 2475 680 2509 seeundatae
711 2475 952 2518 descriptam,
981 2485 1002 2508 a
1031 2473 1096 2508 Gr.
1124 2473 1348 2518 Harveyana
1372 2472 1412 2507 J.
1439 2473 1507 2517 Ay.
1533 2475 1593 2506 sat
1618 2471 1669 2506 di-

96 2534 275 2568 stinctam
303 2534 367 2568 vix
393 2534 645 2569 dubitandum
673 2535 767 2568 mihi
795 2534 1018 2578 adparuisse
1049 2534 1245 2573 confiteor3
1286 2543 1347 2567 me
1378 2542 1528 2575 quoque
1554 2531 1668 2565 hodie

95 2593 198 2627 haud
236 2594 420 2635 dubitare,
461 2594 612 2637 Species
651 2594 720 2627 has
758 2594 886 2637 potius
919 2593 1097 2636 analogas
1132 2603 1245 2636 quam
1279 2592 1454 2636 proxima
1479 2591 1668 2625 affinitate

93 2652 256 2694 junctas,
284 2653 578 2687 considerandas
605 2664 698 2687 esse.
750 2654 887 2688 Utrum
914 2663 1003 2688 vero
1028 2653 1130 2686 idem
1156 2652 1281 2686 dicere
1306 2651 1436 2685 liceret
1461 2650 1508 2684 de
1535 2649 1668 2694 Specie

96 2721 183 2744 mox
220 2711 320 2745 infra
351 2712 601 2746 describenda
627 2732 670 2736 —
697 2723 928 2756 quamquam
960 2722 1030 2745 suo
1061 2711 1194 2747 habitu
1221 2711 1332 2753 longe
1358 2710 1509 2745 diversa
1536 2728 1579 2733 —
1606 2719 1667 2755 me

95 2770 173 2803 fere
199 2770 323 2804 adhuc
349 2771 534 2814 dubitare,
561 2771 737 2805 lubenter
762 2772 955 2806 confiteor.

239 2830 410 2872 Denique
442 2831 514 2864 hoc
544 2831 626 2864 loco
653 2831 791 2865 addere
817 2830 960 2875 placuit
986 2840 1047 2864 me
1073 2840 1120 2864 ex
1147 2830 1254 2864 Nova
1280 2828 1459 2862 Zelandia
1486 2827 1667 2861 habuisse
