1779 3068
721 121 1034 160 (inAmLAMAE
1612 121 1670 161 35

105 249 265 288 parum
299 237 631 292 superantibus,
665 236 965 291 omnibusque
997 236 1239 289 granuloso
1265 241 1478 279 contentu
1505 238 1668 279 fareris.

103 303 142 345 T
143 313 262 347 otum
312 306 449 359 igitur
496 307 695 362 plantam
745 311 789 347 et
830 320 910 347 sua
950 306 1090 347 forma
1124 311 1169 347 et
1199 306 1489 348 consistentia
1522 309 1671 362 potius

104 375 374 431 Almseltiam
403 379 607 432 plicatam
656 392 792 432 quain
836 376 1093 419 Gracilariae
1133 376 1335 432 Speciem
1370 391 1578 420 revocare
1610 378 1671 420 di-

102 460 260 489 cerem.
324 449 613 503 Comparanti
665 462 768 490 vero
818 448 926 489 mihi
972 447 1173 489 intimam
1219 453 1389 502 partem
1424 448 1566 502 ipsius
1599 451 1669 492 sti-

103 517 208 572 pitis
252 517 515 561 Graeilarice
551 519 857 573 Conferroidis,
900 517 1080 573 qualem
1123 517 1239 559 hanc
1271 517 1473 573 Speciem
1507 521 1670 564 eximie

101 587 505 631 characteristicam
539 590 609 645 (ex
642 589 820 645 Anglia)
854 589 1004 638 habui,
1028 589 1216 631 eandem
1242 590 1375 645 plane
1397 596 1669 634 structuram

101 659 147 700 in
196 659 287 701 ima
336 664 461 714 parte
504 659 675 702 frondis
711 659 959 709 observavi,
994 660 1087 702 suis
1119 659 1290 702 cellulis
1325 661 1509 704 minutis
1540 663 1670 706 orbes

101 729 253 786 plures
298 729 414 772 circa
462 730 704 772 centralem
754 730 1068 780 formantibus,
1108 736 1152 773 et
1184 745 1265 773 suo
1296 733 1537 786 granuloso
1568 748 1668 776 con0

101 806 226 844 tentu
260 800 427 851 farctis,
461 800 569 842 dum
605 801 651 842 in
684 800 842 843 eodem
875 800 1121 856 specimine
1153 801 1342 856 Anglico
1368 802 1464 856 (rite
1487 800 1668 847 evoluto

100 877 142 914 et
190 873 299 928 quin
350 873 489 927 immo
535 871 915 928 cystocarpiifero)
963 872 1169 927 superius
1207 878 1430 915 transecto
1461 874 1554 916 vidi
1587 875 1667 917 cel-

101 944 225 993 lulas,
275 943 392 986 hanc
438 947 610 999 partein
662 941 836 984 frondis
882 942 1219 991 constituentes,
1262 943 1502 986 exteriores
1541 946 1666 988 strati

99 1013 229 1057 axilis
273 1013 413 1056 multo
458 1014 664 1069 majores,
698 1016 742 1055 et
783 1013 977 1055 invicem
1016 1011 1266 1067 disjunctas
1299 1013 1391 1055 suis
1424 1015 1668 1069 parietibus

98 1087 324 1135 tenuibus,
373 1091 509 1142 atque
557 1086 678 1141 ipsas
724 1083 919 1131 cellulas,
962 1090 1013 1125 ut
1045 1082 1283 1132 videretur,
1318 1098 1483 1127 vacuas
1516 1092 1560 1128 et
1592 1087 1668 1128 vix

98 1159 241 1214 ipsius
286 1163 524 1200 contentus
570 1156 793 1199 interioris
836 1155 1017 1198 residua
1049 1154 1273 1210 quaedam,
1309 1162 1358 1197 ut
1393 1156 1502 1197 mihi
1534 1156 1667 1212 adpa-

98 1235 299 1277 ruerunt‚
341 1234 570 1272 servantes
589 1227 642 1283 ⁹¹⁸).
708 1225 944 1283 Ejusmodi
983 1226 1274 1275 differentias,
1309 1232 1353 1268 et
1383 1227 1494 1282 quin
1528 1228 1668 1270 immo

97 1314 220 1344 nunc
261 1314 442 1356 quoque
485 1299 628 1353 magis
665 1298 943 1355 conspicuas,
977 1297 1180 1340 revenire
1212 1298 1257 1339 in
1292 1297 1391 1340 aliis
1424 1298 1667 1354 Speciebus

97 1371 157 1428 (in
205 1372 282 1414 Gr.
316 1386 550 1425 cmnpreasea
588 1375 724 1426 atque
766 1370 864 1425 ejus
906 1369 1136 1423 affinibus)
1168 1369 1214 1410 in
1250 1370 1513 1412 memoriam
1546 1385 1667 1413 revo-

98 1442 217 1485 canti
261 1441 370 1484 mihi
413 1440 677 1498 adparuisse
708 1439 923 1483 confiteor
953 1439 1035 1482 has
1067 1438 1262 1488 cellulas,
1295 1439 1564 1495 adparenter
1595 1456 1666 1484 va-

96 1527 216 1561 cuas,
251 1513 418 1556 sensim
452 1512 545 1556 fieri
569 1517 740 1555 certum
763 1512 809 1554 in
833 1511 968 1554 finem
993 1515 1175 1554 creatas.
1231 1511 1333 1561 Quo
1357 1511 1489 1554 modo
1513 1512 1666 1554 multae

97 1584 196 1627 aliae
228 1583 353 1640 Algae
385 1583 665 1626 sustinentur
695 1587 903 1625 natantes
935 1582 1115 1638 organis
1147 1582 1353 1638 propriis,
1387 1596 1488 1638 quae
1520 1583 1567 1624 in
1595 1583 1666 1626 his

97 1668 219 1698 nunc
263 1653 563 1698 vesicularum
607 1653 790 1696 nomine
831 1652 1043 1695 distincta
1081 1653 1306 1698 novimus.
1340 1652 1401 1695 ita
1432 1653 1479 1695 in
1513 1654 1666 1697 multis

96 1726 195 1769 aliis
242 1725 366 1782 Algis
413 1739 536 1768 nunc
575 1729 714 1768 totam
759 1723 965 1766 frondem
1007 1723 1100 1766 fieri
1132 1723 1255 1765 intus
1287 1737 1443 1766 cavam
1478 1724 1665 1779 (Entero-

96 1797 281 1852 morpkoe
327 1801 371 1839 et
417 1796 538 1839 haud
581 1810 737 1853 paucae
776 1795 1008 1846 Florideae,
1042 1809 1156 1851 quas
1187 1794 1244 1837 ad
1278 1794 1455 1837 Genera
1485 1796 1666 1852 propria

96 1882 277 1925 quoque
318 1868 423 1910 olim
468 1867 726 1910 referendas
768 1867 1012 1923 putarunt),
1050 1867 1114 1909 ita
1144 1880 1326 1922 quoque
1358 1865 1523 1908 multas
1555 1866 1664 1909 alias

95 1939 234 1995 Algas
265 1940 486 1983 sustinere
520 1938 704 1982 frondes
736 1952 841 1982 suas
875 1937 1104 1994 elongatas
1137 1942 1181 1980 et
1212 1937 1491 1993 superficiem
1527 1937 1664 1980 maris

238 2094 273 2139 ⁸)
297 2095 335 2130 Si
360 2095 523 2130 formam
548 2094 664 2136 illam,
692 2094 764 2129 sub
790 2093 945 2128 nomine
973 2091 1065 2127 Fuci
1083 2090 1307 2136 Sem-pioidie
1323 2092 1363 2126 in
1381 2090 1496 2126 Flora
1514 2090 1664 2126 Danica

96 2155 198 2190 haud
231 2154 447 2199 spernenda
480 2154 590 2189 icone
624 2153 826 2198 depictam,
852 2153 936 2197 jure
960 2150 1209 2196 judicaverim
1236 2160 1320 2184 esse
1346 2150 1550 2184 identicam
1576 2161 1662 2185 cum

96 2212 163 2249 Gr,
193 2212 429 2259 C'onservoide
463 2213 684 2257 Anglorum,
720 2212 793 2247 sub
827 2211 911 2246 aliis
937 2220 1026 2246 vero
1053 2210 1335 2245 conditionibus
1362 2209 1565 2252 viventem,
1593 2220 1663 2244 nec

94 2273 142 2308 ab
179 2283 225 2308 ea
260 2273 539 2316 dignoscendas
576 2271 805 2316 conjicerem
843 2271 998 2313 formas,
1033 2269 1073 2303 in
1108 2269 1192 2303 aliis
1227 2268 1388 2304 Oceanis
1413 2268 1663 2303 obvenientes

94 2332 167 2367 sub
203 2332 359 2366 nomine
399 2330 465 2366 Gr.
495 2330 747 2376 Corffervoidis
783 2330 1009 2373 divulgatas.
1060 2329 1143 2363 Hoc
1177 2330 1351 2372 respectu
1378 2327 1492 2362 hodie
1517 2327 1662 2362 dixisse

94 2392 219 2437 placet
243 2402 305 2426 me
329 2401 376 2426 ex
403 2391 540 2425 insulis
565 2389 798 2425 Mascarenis
824 2389 1006 2424 habuisse
1031 2391 1112 2422 tum
1138 2389 1301 2422 formam
1328 2397 1414 2421 cum
1441 2385 1541 2421 Fueo
1561 2385 1662 2422 Scor-

88 2450 213 2496 pioide
249 2449 308 2486 ΓΙ.
333 2449 490 2485 Danicae
526 2449 598 2484 rite
635 2449 937 2490 convenientem,
977 2450 1059 2482 tum
1096 2447 1278 2491 plantam,
1317 2456 1431 2489 quam
1466 2445 1514 2480 ad
1551 2443 1662 2481 Grac.

97 2509 368 2556 Couj'ervoiclem
396 2508 634 2544 referendam
659 2511 764 2552 puto.
807 2507 954 2551 Speciei
979 2516 1130 2550 quoque
1155 2506 1271 2541 Novae
1297 2504 1523 2546 Hollandiae,
1547 2515 1662 2548 quam

93 2570 166 2605 sub
191 2569 346 2604 nomine
374 2567 484 2604 Grac.
505 2566 758 2613 Confervoidis
782 2566 973 2610 vulgatam
1000 2565 1101 2608 novi,
1128 2574 1278 2608 quoque
1303 2564 1465 2598 formam
1485 2563 1660 2607 existere,

93 2639 206 2673 quam
245 2639 268 2663 a
303 2630 435 2662 nostra
471 2625 571 2662 Fuco
609 2625 818 2671 Scorpimde
855 2635 953 2669 aegre
989 2624 1285 2668 dignoscendam
1325 2625 1514 2667 putarem3
1562 2622 1663 2658 hanc

93 2693 220 2723 autem
258 2686 607 2732 cystocarpiiferam
647 2685 736 2728 vidi,
772 2688 810 2720 et
835 2684 927 2728 quin
952 2684 1070 2719 immo
1097 2682 1344 2727 cystocarpiis
1371 2682 1490 2716 multo
1515 2681 1661 2716 densio-

93 2747 198 2783 ribus
235 2746 416 2787 obsitam;
457 2748 495 2781 et
529 2745 704 2780 lubenter
729 2744 821 2788 quin
847 2744 965 2778 immo
990 2743 1217 2787 conjicerem
1243 2752 1329 2777 esse
1353 2741 1452 2776 hanc
1478 2741 1661 2785 plantam,

93 2817 207 2850 quam
233 2809 276 2841 ut
301 2805 472 2850 Speciem
498 2804 559 2840 sui
583 2804 692 2849 juris,
709 2803 782 2838 sub
801 2803 955 2838 nomine
975 2800 1196 2837 Gracilam'oe
1214 2800 1400 2836 Lemanioe
1416 2811 1438 2835 a
1455 2800 1664 2844 Kutzingio

93 2865 334 2909 descriptam,
359 2863 702 2908 recognoscendam
729 2865 914 2907 putarem.
