<?xml version="1.0" encoding="UTF-8"?>
<!DOCTYPE html PUBLIC "-//W3C//DTD XHTML 1.0 Transitional//EN"
    "http://www.w3.org/TR/xhtml1/DTD/xhtml1-transitional.dtd">
<html xmlns="http://www.w3.org/1999/xhtml" xml:lang="en" lang="en">
 <head>
  <title>
</title>
<meta http-equiv="Content-Type" content="text/html;charset=utf-8" />
  <meta name='ocr-system' content='tesseract 3.04.00' />
  <meta name='ocr-capabilities' content='ocr_page ocr_carea ocr_par ocr_line ocrx_word'/>
</head>
<body>
  <div class='ocr_page' id='page_1' title='image "./speciesgeneraeto0304agar_0061.png"; bbox 0 0 1779 3068; ppageno 0'>
   <div class='ocr_carea' id='block_1_1' title="bbox 719 151 1676 193">
    <p class='ocr_par' dir='ltr' id='par_1_1' title="bbox 719 151 1676 193">
     <span class='ocr_line' id='line_1_1' title="bbox 719 151 1676 193; baseline 0 -3"><span class='ocrx_word' id='word_1_1' title='bbox 719 152 1044 193; x_wconf 74' lang='lat' dir='ltr'>GRACILARIAE.</span> <span class='ocrx_word' id='word_1_2' title='bbox 1611 151 1676 190; x_wconf 47' lang='lat'>47*</span> 
     </span>
    </p>
   </div>
   <div class='ocr_carea' id='block_1_2' title="bbox 102 268 1689 2882">
    <p class='ocr_par' dir='ltr' id='par_1_2' title="bbox 102 268 1675 1665">
     <span class='ocr_line' id='line_1_2' title="bbox 104 268 1668 323; baseline -0.004 -7"><span class='ocrx_word' id='word_1_3' title='bbox 104 273 291 316; x_wconf 88' lang='lat' dir='ltr'>minutie</span> <span class='ocrx_word' id='word_1_4' title='bbox 339 271 395 313; x_wconf 80' lang='lat' dir='ltr'>ab</span> <span class='ocrx_word' id='word_1_5' title='bbox 444 271 497 311; x_wconf 91' lang='lat' dir='ltr'>iis</span> <span class='ocrx_word' id='word_1_6' title='bbox 546 270 743 311; x_wconf 88' lang='lat' dir='ltr'>‹liversas</span> <span class='ocrx_word' id='word_1_7' title='bbox 791 268 998 318; x_wconf 93' lang='lat' dir='ltr'>dicerem,</span> <span class='ocrx_word' id='word_1_8' title='bbox 1042 282 1154 323; x_wconf 85' lang='lat' dir='ltr'>quas</span> <span class='ocrx_word' id='word_1_9' title='bbox 1192 268 1235 309; x_wconf 89' lang='lat' dir='ltr'>in</span> <span class='ocrx_word' id='word_1_10' title='bbox 1272 268 1389 309; x_wconf 67' lang='lat' dir='ltr'>Faco</span> <span class='ocrx_word' id='word_1_11' title='bbox 1423 268 1668 320; x_wconf 66' lang='lat' dir='ltr'>Scorpioz&#39;de</span> 
     </span>
     <span class='ocr_line' id='line_1_3' title="bbox 103 339 1667 387; baseline -0.005 0"><span class='ocrx_word' id='word_1_12' title='bbox 103 346 176 387; x_wconf 77' lang='lat' dir='ltr'>Fz.</span> <span class='ocrx_word' id='word_1_13' title='bbox 212 343 394 386; x_wconf 63' lang='lat' dir='ltr'>Damon&gt;</span> <span class='ocrx_word' id='word_1_14' title='bbox 425 340 674 382; x_wconf 76' lang='lat' dir='ltr'>describere</span> <span class='ocrx_word' id='word_1_15' title='bbox 710 340 888 381; x_wconf 80' lang='lat' dir='ltr'>inolitus</span> <span class='ocrx_word' id='word_1_16' title='bbox 922 354 1034 381; x_wconf 89' lang='lat' dir='ltr'>sum.</span> <span class='ocrx_word' id='word_1_17' title='bbox 1090 339 1304 380; x_wconf 80' lang='lat' dir='ltr'>Cellulam</span> <span class='ocrx_word' id='word_1_18' title='bbox 1340 339 1579 380; x_wconf 76' lang='lat' dir='ltr'>canti-alem</span> <span class='ocrx_word' id='word_1_19' title='bbox 1605 339 1667 379; x_wconf 75' lang='lat' dir='ltr'>ita</span> 
     </span>
     <span class='ocr_line' id='line_1_4' title="bbox 103 409 1666 469; baseline -0.005 -11"><span class='ocrx_word' id='word_1_20' title='bbox 103 417 147 458; x_wconf 91' lang='lat' dir='ltr'>in</span> <span class='ocrx_word' id='word_1_21' title='bbox 182 415 287 457; x_wconf 87' lang='lat' dir='ltr'>axili</span> <span class='ocrx_word' id='word_1_22' title='bbox 323 419 445 469; x_wconf 85' lang='lat' dir='ltr'>parte</span> <span class='ocrx_word' id='word_1_23' title='bbox 479 410 650 452; x_wconf 77' lang='lat' dir='ltr'>frondis</span> <span class='ocrx_word' id='word_1_24' title='bbox 683 415 889 459; x_wconf 84' lang='lat' dir='ltr'>creatam,</span> <span class='ocrx_word' id='word_1_25' title='bbox 935 410 1098 451; x_wconf 88' lang='lat' dir='ltr'>sensim</span> <span class='ocrx_word' id='word_1_26' title='bbox 1134 414 1459 451; x_wconf 76' lang='lat' dir='ltr'>excrescentem</span> <span class='ocrx_word' id='word_1_27' title='bbox 1497 409 1584 450; x_wconf 90' lang='lat' dir='ltr'>vidi</span> <span class='ocrx_word' id='word_1_28' title='bbox 1621 410 1666 450; x_wconf 92' lang='lat' dir='ltr'>in</span> 
     </span>
     <span class='ocr_line' id='line_1_5' title="bbox 103 480 1668 541; baseline -0.005 -12"><span class='ocrx_word' id='word_1_29' title='bbox 103 484 345 541; x_wconf 81' lang='lat' dir='ltr'>segmentis</span> <span class='ocrx_word' id='word_1_30' title='bbox 379 496 604 525; x_wconf 91' lang='lat' dir='ltr'>ramorum</span> <span class='ocrx_word' id='word_1_31' title='bbox 640 481 758 530; x_wconf 90' lang='lat' dir='ltr'>aliis;</span> <span class='ocrx_word' id='word_1_32' title='bbox 799 482 843 521; x_wconf 94' lang='lat' dir='ltr'>in</span> <span class='ocrx_word' id='word_1_33' title='bbox 878 480 1042 536; x_wconf 88' lang='lat' dir='ltr'>quibus</span> <span class='ocrx_word' id='word_1_34' title='bbox 1075 480 1254 522; x_wconf 72' lang='lat' dir='ltr'>cellulas</span> <span class='ocrx_word' id='word_1_35' title='bbox 1288 480 1488 535; x_wconf 80' lang='lat' dir='ltr'>ejusdem</span> <span class='ocrx_word' id='word_1_36' title='bbox 1526 480 1668 534; x_wconf 86' lang='lat' dir='ltr'>magis</span> 
     </span>
     <span class='ocr_line' id='line_1_6' title="bbox 103 550 1664 613; baseline -0.006 -12"><span class='ocrx_word' id='word_1_37' title='bbox 103 557 336 613; x_wconf 78' lang='lat' dir='ltr'>magisque</span> <span class='ocrx_word' id='word_1_38' title='bbox 384 553 557 596; x_wconf 91' lang='lat' dir='ltr'>ambitu</span> <span class='ocrx_word' id='word_1_39' title='bbox 606 551 812 593; x_wconf 83' lang='lat' dir='ltr'>definitas</span> <span class='ocrx_word' id='word_1_40' title='bbox 860 556 903 592; x_wconf 93' lang='lat' dir='ltr'>et</span> <span class='ocrx_word' id='word_1_41' title='bbox 946 551 1171 606; x_wconf 80' lang='lat' dir='ltr'>pressione</span> <span class='ocrx_word' id='word_1_42' title='bbox 1216 556 1370 593; x_wconf 80' lang='lat' dir='ltr'>mutua</span> <span class='ocrx_word' id='word_1_43' title='bbox 1407 550 1664 604; x_wconf 82' lang='lat' dir='ltr'>angulatas;</span> 
     </span>
     <span class='ocr_line' id='line_1_7' title="bbox 103 621 1667 685; baseline -0.006 -13"><span class='ocrx_word' id='word_1_44' title='bbox 103 626 338 685; x_wconf 84' lang='lat' dir='ltr'>Ejusmodi</span> <span class='ocrx_word' id='word_1_45' title='bbox 386 622 612 668; x_wconf 89' lang='lat' dir='ltr'>crescendi</span> <span class='ocrx_word' id='word_1_46' title='bbox 664 622 846 664; x_wconf 88' lang='lat' dir='ltr'>modum</span> <span class='ocrx_word' id='word_1_47' title='bbox 895 622 941 663; x_wconf 90' lang='lat' dir='ltr'>in</span> <span class='ocrx_word' id='word_1_48' title='bbox 990 621 1087 663; x_wconf 83' lang='lat' dir='ltr'>aliis</span> <span class='ocrx_word' id='word_1_49' title='bbox 1126 622 1262 663; x_wconf 85' lang='lat' dir='ltr'>ramis</span> <span class='ocrx_word' id='word_1_50' title='bbox 1295 621 1496 677; x_wconf 81' lang='lat' dir='ltr'>ejusdcm</span> <span class='ocrx_word' id='word_1_51' title='bbox 1531 622 1667 676; x_wconf 86' lang='lat' dir='ltr'>speci-</span> 
     </span>
     <span class='ocr_line' id='line_1_8' title="bbox 103 692 1666 753; baseline -0.006 -11"><span class='ocrx_word' id='word_1_52' title='bbox 103 699 250 748; x_wconf 84' lang='lat' dir='ltr'>minis,</span> <span class='ocrx_word' id='word_1_53' title='bbox 285 695 502 753; x_wconf 80' lang='lat' dir='ltr'>quaerenti</span> <span class='ocrx_word' id='word_1_54' title='bbox 538 694 660 743; x_wconf 87' lang='lat' dir='ltr'>mihi,</span> <span class='ocrx_word' id='word_1_55' title='bbox 695 692 879 735; x_wconf 90' lang='lat' dir='ltr'>demum</span> <span class='ocrx_word' id='word_1_56' title='bbox 913 693 1041 734; x_wconf 89' lang='lat' dir='ltr'>initia</span> <span class='ocrx_word' id='word_1_57' title='bbox 1073 693 1181 733; x_wconf 88' lang='lat' dir='ltr'>rami</span> <span class='ocrx_word' id='word_1_58' title='bbox 1219 693 1384 747; x_wconf 89' lang='lat' dir='ltr'>proprii</span> <span class='ocrx_word' id='word_1_59' title='bbox 1410 692 1526 739; x_wconf 75' lang='lat' dir='ltr'>novi,</span> <span class='ocrx_word' id='word_1_60' title='bbox 1552 693 1666 733; x_wconf 87' lang='lat' dir='ltr'>intra</span> 
     </span>
     <span class='ocr_line' id='line_1_9' title="bbox 102 763 1670 828; baseline -0.006 -15"><span class='ocrx_word' id='word_1_61' title='bbox 102 773 250 828; x_wconf 88' lang='lat' dir='ltr'>ipsum</span> <span class='ocrx_word' id='word_1_62' title='bbox 301 781 478 810; x_wconf 86' lang='lat' dir='ltr'>ramum</span> <span class='ocrx_word' id='word_1_63' title='bbox 526 765 689 820; x_wconf 87' lang='lat' dir='ltr'>stipitis</span> <span class='ocrx_word' id='word_1_64' title='bbox 737 763 1000 805; x_wconf 91' lang='lat' dir='ltr'>adultiorem</span> <span class='ocrx_word' id='word_1_65' title='bbox 1045 763 1347 817; x_wconf 84' lang='lat' dir='ltr'>(circumcirca</span> <span class='ocrx_word' id='word_1_66' title='bbox 1379 763 1670 818; x_wconf 79' lang='lat' dir='ltr'>ambientem)</span> 
     </span>
     <span class='ocr_line' id='line_1_10' title="bbox 103 833 1670 885; baseline -0.007 -1"><span class='ocrx_word' id='word_1_67' title='bbox 103 841 265 885; x_wconf 86' lang='lat' dir='ltr'>veteris</span> <span class='ocrx_word' id='word_1_68' title='bbox 298 837 472 881; x_wconf 79' lang='lat' dir='ltr'>frondis</span> <span class='ocrx_word' id='word_1_69' title='bbox 504 834 839 879; x_wconf 87' lang='lat' dir='ltr'>evidentissime</span> <span class='ocrx_word' id='word_1_70' title='bbox 872 847 944 875; x_wconf 88' lang='lat' dir='ltr'>me</span> <span class='ocrx_word' id='word_1_71' title='bbox 976 834 1234 875; x_wconf 83' lang='lat' dir='ltr'>observasse</span> <span class='ocrx_word' id='word_1_72' title='bbox 1267 834 1473 875; x_wconf 83' lang='lat' dir='ltr'>dicerem.</span> <span class='ocrx_word' id='word_1_73' title='bbox 1528 833 1670 874; x_wconf 85' lang='lat' dir='ltr'>Extra</span> 
     </span>
     <span class='ocr_line' id='line_1_11' title="bbox 103 904 1670 959; baseline -0.006 -4"><span class='ocrx_word' id='word_1_74' title='bbox 103 912 268 956; x_wconf 83' lang='lat' dir='ltr'>axilem</span> <span class='ocrx_word' id='word_1_75' title='bbox 308 908 568 952; x_wconf 88' lang='lat' dir='ltr'>fasciculum</span> <span class='ocrx_word' id='word_1_76' title='bbox 604 920 774 948; x_wconf 87' lang='lat' dir='ltr'>novum</span> <span class='ocrx_word' id='word_1_77' title='bbox 809 904 990 947; x_wconf 75' lang='lat' dir='ltr'>cellulas</span> <span class='ocrx_word' id='word_1_78' title='bbox 1024 904 1186 959; x_wconf 77' lang='lat' dir='ltr'>plantae</span> <span class='ocrx_word' id='word_1_79' title='bbox 1220 909 1417 952; x_wconf 76' lang='lat' dir='ltr'>vetustae,</span> <span class='ocrx_word' id='word_1_80' title='bbox 1452 919 1564 958; x_wconf 81' lang='lat' dir='ltr'>quas</span> <span class='ocrx_word' id='word_1_81' title='bbox 1597 904 1670 945; x_wconf 87' lang='lat' dir='ltr'>ad-</span> 
     </span>
     <span class='ocr_line' id='line_1_12' title="bbox 104 974 1669 1038; baseline -0.006 -12"><span class='ocrx_word' id='word_1_82' title='bbox 104 984 192 1026; x_wconf 90' lang='lat' dir='ltr'>huc</span> <span class='ocrx_word' id='word_1_83' title='bbox 224 981 511 1038; x_wconf 83' lang='lat' dir='ltr'>persistentes</span> <span class='ocrx_word' id='word_1_84' title='bbox 544 982 587 1021; x_wconf 88' lang='lat' dir='ltr'>et</span> <span class='ocrx_word' id='word_1_85' title='bbox 618 990 983 1033; x_wconf 88' lang='lat' dir='ltr'>quoquoversum</span> <span class='ocrx_word' id='word_1_86' title='bbox 1014 974 1238 1017; x_wconf 77' lang='lat' dir='ltr'>radiantes</span> <span class='ocrx_word' id='word_1_87' title='bbox 1260 975 1366 1023; x_wconf 86' lang='lat' dir='ltr'>vidi,</span> <span class='ocrx_word' id='word_1_88' title='bbox 1391 976 1517 1016; x_wconf 88' lang='lat' dir='ltr'>initio</span> <span class='ocrx_word' id='word_1_89' title='bbox 1540 975 1669 1030; x_wconf 85' lang='lat' dir='ltr'>quasi</span> 
     </span>
     <span class='ocr_line' id='line_1_13' title="bbox 103 1046 1670 1105; baseline -0.008 -8"><span class='ocrx_word' id='word_1_90' title='bbox 103 1054 244 1097; x_wconf 85' lang='lat' dir='ltr'>limite</span> <span class='ocrx_word' id='word_1_91' title='bbox 282 1052 491 1095; x_wconf 89' lang='lat' dir='ltr'>distincto</span> <span class='ocrx_word' id='word_1_92' title='bbox 533 1050 711 1105; x_wconf 87' lang='lat' dir='ltr'>(nempe</span> <span class='ocrx_word' id='word_1_93' title='bbox 754 1047 1017 1090; x_wconf 85' lang='lat' dir='ltr'>membrana</span> <span class='ocrx_word' id='word_1_94' title='bbox 1060 1046 1231 1087; x_wconf 79' lang='lat' dir='ltr'>cellulae</span> <span class='ocrx_word' id='word_1_95' title='bbox 1264 1046 1517 1087; x_wconf 86' lang='lat' dir='ltr'>inchoantis</span> <span class='ocrx_word' id='word_1_96' title='bbox 1549 1060 1670 1100; x_wconf 90' lang='lat' dir='ltr'>sepa-</span> 
     </span>
     <span class='ocr_line' id='line_1_14' title="bbox 104 1116 1671 1180; baseline -0.008 -12"><span class='ocrx_word' id='word_1_97' title='bbox 104 1124 259 1180; x_wconf 87' lang='lat' dir='ltr'>ratas);</span> <span class='ocrx_word' id='word_1_98' title='bbox 303 1123 485 1165; x_wconf 86' lang='lat' dir='ltr'>demum</span> <span class='ocrx_word' id='word_1_99' title='bbox 522 1135 626 1164; x_wconf 83' lang='lat' dir='ltr'>vero</span> <span class='ocrx_word' id='word_1_100' title='bbox 662 1119 833 1162; x_wconf 90' lang='lat' dir='ltr'>cellulis</span> <span class='ocrx_word' id='word_1_101' title='bbox 865 1132 993 1160; x_wconf 83' lang='lat' dir='ltr'>novae</span> <span class='ocrx_word' id='word_1_102' title='bbox 1027 1117 1165 1173; x_wconf 86' lang='lat' dir='ltr'>partis</span> <span class='ocrx_word' id='word_1_103' title='bbox 1197 1131 1278 1158; x_wconf 90' lang='lat' dir='ltr'>suo</span> <span class='ocrx_word' id='word_1_104' title='bbox 1311 1116 1479 1166; x_wconf 88' lang='lat' dir='ltr'>ordine,</span> <span class='ocrx_word' id='word_1_105' title='bbox 1515 1126 1671 1158; x_wconf 85' lang='lat' dir='ltr'>mutua</span> 
     </span>
     <span class='ocr_line' id='line_1_15' title="bbox 104 1187 1672 1253; baseline -0.008 -14"><span class='ocrx_word' id='word_1_106' title='bbox 104 1196 332 1253; x_wconf 89' lang='lat' dir='ltr'>pressione</span> <span class='ocrx_word' id='word_1_107' title='bbox 379 1197 533 1236; x_wconf 87' lang='lat' dir='ltr'>contra</span> <span class='ocrx_word' id='word_1_108' title='bbox 574 1191 756 1234; x_wconf 81' lang='lat' dir='ltr'>cellulas</span> <span class='ocrx_word' id='word_1_109' title='bbox 798 1189 973 1232; x_wconf 81' lang='lat' dir='ltr'>frondis</span> <span class='ocrx_word' id='word_1_110' title='bbox 1005 1193 1191 1231; x_wconf 86' lang='lat' dir='ltr'>vetustae</span> <span class='ocrx_word' id='word_1_111' title='bbox 1224 1187 1468 1242; x_wconf 81' lang='lat' dir='ltr'>angulatis3</span> <span class='ocrx_word' id='word_1_112' title='bbox 1501 1187 1672 1228; x_wconf 89' lang='lat' dir='ltr'>cellulis</span> 
     </span>
     <span class='ocr_line' id='line_1_16' title="bbox 104 1257 1670 1321; baseline -0.008 -10"><span class='ocrx_word' id='word_1_113' title='bbox 104 1279 235 1311; x_wconf 81' lang='lat' dir='ltr'>novae</span> <span class='ocrx_word' id='word_1_114' title='bbox 279 1265 416 1321; x_wconf 87' lang='lat' dir='ltr'>partis</span> <span class='ocrx_word' id='word_1_115' title='bbox 454 1264 539 1306; x_wconf 90' lang='lat' dir='ltr'>hoc</span> <span class='ocrx_word' id='word_1_116' title='bbox 573 1262 704 1304; x_wconf 86' lang='lat' dir='ltr'>modo</span> <span class='ocrx_word' id='word_1_117' title='bbox 737 1260 1061 1317; x_wconf 78' lang='lat' dir='ltr'>attingentibus</span> <span class='ocrx_word' id='word_1_118' title='bbox 1095 1259 1257 1301; x_wconf 85' lang='lat' dir='ltr'>limites</span> <span class='ocrx_word' id='word_1_119' title='bbox 1290 1259 1450 1300; x_wconf 90' lang='lat' dir='ltr'>veteris</span> <span class='ocrx_word' id='word_1_120' title='bbox 1483 1257 1670 1306; x_wconf 80' lang='lat' dir='ltr'>frondis,</span> 
     </span>
     <span class='ocr_line' id='line_1_17' title="bbox 104 1328 1670 1393; baseline -0.008 -12"><span class='ocrx_word' id='word_1_121' title='bbox 104 1352 270 1381; x_wconf 85' lang='lat' dir='ltr'>novam</span> <span class='ocrx_word' id='word_1_122' title='bbox 313 1341 483 1393; x_wconf 85' lang='lat' dir='ltr'>partem</span> <span class='ocrx_word' id='word_1_123' title='bbox 529 1335 661 1390; x_wconf 87' lang='lat' dir='ltr'>(intra</span> <span class='ocrx_word' id='word_1_124' title='bbox 699 1338 923 1376; x_wconf 86' lang='lat' dir='ltr'>vetustam</span> <span class='ocrx_word' id='word_1_125' title='bbox 965 1330 1200 1385; x_wconf 84' lang='lat' dir='ltr'>inclusam)</span> <span class='ocrx_word' id='word_1_126' title='bbox 1239 1344 1320 1372; x_wconf 91' lang='lat' dir='ltr'>suo</span> <span class='ocrx_word' id='word_1_127' title='bbox 1352 1330 1567 1384; x_wconf 78' lang='lat' dir='ltr'>adspectu</span> <span class='ocrx_word' id='word_1_128' title='bbox 1600 1328 1670 1369; x_wconf 87' lang='lat' dir='ltr'>ad-</span> 
     </span>
     <span class='ocr_line' id='line_1_18' title="bbox 106 1399 1671 1455; baseline -0.008 -3"><span class='ocrx_word' id='word_1_129' title='bbox 106 1409 290 1453; x_wconf 86' lang='lat' dir='ltr'>modum</span> <span class='ocrx_word' id='word_1_130' title='bbox 339 1407 468 1449; x_wconf 81' lang='lat' dir='ltr'>initio</span> <span class='ocrx_word' id='word_1_131' title='bbox 516 1405 759 1455; x_wconf 86' lang='lat' dir='ltr'>diversam;</span> <span class='ocrx_word' id='word_1_132' title='bbox 809 1403 989 1446; x_wconf 90' lang='lat' dir='ltr'>demum</span> <span class='ocrx_word' id='word_1_133' title='bbox 1034 1402 1254 1444; x_wconf 86' lang='lat' dir='ltr'>limitibus</span> <span class='ocrx_word' id='word_1_134' title='bbox 1292 1399 1671 1443; x_wconf 86' lang='lat' dir='ltr'>obsolescentibus</span> 
     </span>
     <span class='ocr_line' id='line_1_19' title="bbox 104 1470 1674 1534; baseline -0.008 -11"><span class='ocrx_word' id='word_1_135' title='bbox 104 1495 206 1524; x_wconf 90' lang='lat' dir='ltr'>cum</span> <span class='ocrx_word' id='word_1_136' title='bbox 254 1479 338 1522; x_wconf 90' lang='lat' dir='ltr'>hac</span> <span class='ocrx_word' id='word_1_137' title='bbox 379 1477 507 1534; x_wconf 81' lang='lat' dir='ltr'>quasi</span> <span class='ocrx_word' id='word_1_138' title='bbox 540 1490 835 1525; x_wconf 86' lang='lat' dir='ltr'>concrescere,</span> <span class='ocrx_word' id='word_1_139' title='bbox 870 1475 999 1516; x_wconf 91' lang='lat' dir='ltr'>novis</span> <span class='ocrx_word' id='word_1_140' title='bbox 1031 1473 1235 1529; x_wconf 84' lang='lat' dir='ltr'>partibus</span> <span class='ocrx_word' id='word_1_141' title='bbox 1267 1471 1560 1514; x_wconf 84' lang='lat' dir='ltr'>exterioribus</span> <span class='ocrx_word' id='word_1_142' title='bbox 1592 1470 1674 1512; x_wconf 86' lang='lat' dir='ltr'>ori-</span> 
     </span>
     <span class='ocr_line' id='line_1_20' title="bbox 104 1543 1675 1608; baseline -0.008 -14"><span class='ocrx_word' id='word_1_143' title='bbox 104 1552 255 1608; x_wconf 88' lang='lat' dir='ltr'>ginem</span> <span class='ocrx_word' id='word_1_144' title='bbox 305 1549 533 1599; x_wconf 56' lang='lat' dir='ltr'>daturam</span> <span class='ocrx_word' id='word_1_145' title='bbox 583 1553 627 1590; x_wconf 93' lang='lat' dir='ltr'>et</span> <span class='ocrx_word' id='word_1_146' title='bbox 671 1561 819 1589; x_wconf 89' lang='lat' dir='ltr'>ramos</span> <span class='ocrx_word' id='word_1_147' title='bbox 852 1545 1170 1588; x_wconf 81' lang='lat' dir='ltr'>fasciculorum</span> <span class='ocrx_word' id='word_1_148' title='bbox 1203 1545 1353 1599; x_wconf 85' lang='lat' dir='ltr'>(supra</span> <span class='ocrx_word' id='word_1_149' title='bbox 1388 1543 1675 1595; x_wconf 79' lang='lat' dir='ltr'>memoratos)</span> 
     </span>
     <span class='ocr_line' id='line_1_21' title="bbox 106 1616 1177 1665; baseline -0.007 0"><span class='ocrx_word' id='word_1_150' title='bbox 106 1622 191 1665; x_wconf 88' lang='lat' dir='ltr'>hoc</span> <span class='ocrx_word' id='word_1_151' title='bbox 224 1620 356 1663; x_wconf 89' lang='lat' dir='ltr'>modo</span> <span class='ocrx_word' id='word_1_152' title='bbox 388 1625 508 1662; x_wconf 91' lang='lat' dir='ltr'>ortos</span> <span class='ocrx_word' id='word_1_153' title='bbox 540 1632 769 1661; x_wconf 84' lang='lat' dir='ltr'>assumere</span> <span class='ocrx_word' id='word_1_154' title='bbox 801 1618 877 1660; x_wconf 84' lang='lat' dir='ltr'>vix</span> <span class='ocrx_word' id='word_1_155' title='bbox 910 1616 1177 1659; x_wconf 87' lang='lat' dir='ltr'>dubitarem.</span> 
     </span>
    </p>

    <p class='ocr_par' dir='ltr' id='par_1_3' title="bbox 104 1684 1684 2303">
     <span class='ocr_line' id='line_1_22' title="bbox 248 1684 1672 1747; baseline -0.006 -14"><span class='ocrx_word' id='word_1_156' title='bbox 248 1690 539 1747; x_wconf 65' lang='lat' dir='ltr'>Compar-anti</span> <span class='ocrx_word' id='word_1_157' title='bbox 583 1689 691 1731; x_wconf 83' lang='lat' dir='ltr'>mihi</span> <span class='ocrx_word' id='word_1_158' title='bbox 730 1689 900 1730; x_wconf 85' lang='lat' dir='ltr'>formas</span> <span class='ocrx_word' id='word_1_159' title='bbox 933 1693 976 1730; x_wconf 85' lang='lat' dir='ltr'>et</span> <span class='ocrx_word' id='word_1_160' title='bbox 1007 1687 1150 1729; x_wconf 90' lang='lat' dir='ltr'>stadia</span> <span class='ocrx_word' id='word_1_161' title='bbox 1182 1686 1450 1728; x_wconf 88' lang='lat' dir='ltr'>evolutionis</span> <span class='ocrx_word' id='word_1_162' title='bbox 1483 1684 1672 1731; x_wconf 80' lang='lat' dir='ltr'>diversa,</span> 
     </span>
     <span class='ocr_line' id='line_1_23' title="bbox 104 1757 1673 1820; baseline -0.007 -12"><span class='ocrx_word' id='word_1_163' title='bbox 104 1779 204 1820; x_wconf 85' lang='lat' dir='ltr'>quae</span> <span class='ocrx_word' id='word_1_164' title='bbox 236 1762 474 1806; x_wconf 89' lang='lat' dir='ltr'>observare</span> <span class='ocrx_word' id='word_1_165' title='bbox 505 1761 631 1804; x_wconf 88' lang='lat' dir='ltr'>licuit</span> <span class='ocrx_word' id='word_1_166' title='bbox 660 1760 708 1802; x_wconf 90' lang='lat' dir='ltr'>in</span> <span class='ocrx_word' id='word_1_167' title='bbox 742 1759 897 1816; x_wconf 85' lang='lat' dir='ltr'>Specie</span> <span class='ocrx_word' id='word_1_168' title='bbox 929 1759 1019 1809; x_wconf 89' lang='lat' dir='ltr'>illa,</span> <span class='ocrx_word' id='word_1_169' title='bbox 1050 1758 1234 1800; x_wconf 88' lang='lat' dir='ltr'>nomine</span> <span class='ocrx_word' id='word_1_170' title='bbox 1261 1757 1527 1800; x_wconf 73' lang='lat' dir='ltr'>Chondrice?</span> <span class='ocrx_word' id='word_1_171' title='bbox 1545 1769 1673 1809; x_wconf 76' lang='lat' dir='ltr'>para-</span> 
     </span>
     <span class='ocr_line' id='line_1_24' title="bbox 105 1828 1672 1888; baseline -0.007 -10"><span class='ocrx_word' id='word_1_172' title='bbox 105 1837 225 1879; x_wconf 72' lang='lat' dir='ltr'>doxre</span> <span class='ocrx_word' id='word_1_173' title='bbox 265 1848 293 1876; x_wconf 86' lang='lat' dir='ltr'>a</span> <span class='ocrx_word' id='word_1_174' title='bbox 334 1833 518 1888; x_wconf 89' lang='lat' dir='ltr'>Harvey</span> <span class='ocrx_word' id='word_1_175' title='bbox 562 1832 692 1874; x_wconf 87' lang='lat' dir='ltr'>initio</span> <span class='ocrx_word' id='word_1_176' title='bbox 732 1832 959 1886; x_wconf 87' lang='lat' dir='ltr'>inscripta,</span> <span class='ocrx_word' id='word_1_177' title='bbox 999 1829 1054 1872; x_wconf 90' lang='lat' dir='ltr'>de</span> <span class='ocrx_word' id='word_1_178' title='bbox 1087 1844 1178 1885; x_wconf 85' lang='lat' dir='ltr'>qua.</span> <span class='ocrx_word' id='word_1_179' title='bbox 1213 1843 1314 1871; x_wconf 84' lang='lat' dir='ltr'>vero</span> <span class='ocrx_word' id='word_1_180' title='bbox 1348 1828 1517 1869; x_wconf 86' lang='lat' dir='ltr'>nullam</span> <span class='ocrx_word' id='word_1_181' title='bbox 1553 1841 1672 1868; x_wconf 87' lang='lat' dir='ltr'>men-</span> 
     </span>
     <span class='ocr_line' id='line_1_25' title="bbox 106 1898 1668 1960; baseline -0.007 -12"><span class='ocrx_word' id='word_1_182' title='bbox 106 1906 272 1949; x_wconf 88' lang='lat' dir='ltr'>tionem</span> <span class='ocrx_word' id='word_1_183' title='bbox 306 1904 363 1947; x_wconf 87' lang='lat' dir='ltr'>ab</span> <span class='ocrx_word' id='word_1_184' title='bbox 395 1918 448 1947; x_wconf 90' lang='lat' dir='ltr'>eo</span> <span class='ocrx_word' id='word_1_185' title='bbox 479 1908 635 1960; x_wconf 88' lang='lat' dir='ltr'>postea</span> <span class='ocrx_word' id='word_1_186' title='bbox 666 1903 828 1945; x_wconf 89' lang='lat' dir='ltr'>factam</span> <span class='ocrx_word' id='word_1_187' title='bbox 863 1902 1069 1957; x_wconf 89' lang='lat' dir='ltr'>detegere</span> <span class='ocrx_word' id='word_1_188' title='bbox 1110 1901 1238 1943; x_wconf 90' lang='lat' dir='ltr'>licuit</span> <span class='ocrx_word' id='word_1_189' title='bbox 1267 1926 1325 1930; x_wconf 96' lang='lat'>—</span> <span class='ocrx_word' id='word_1_190' title='bbox 1357 1898 1542 1941; x_wconf 79' lang='lat' dir='ltr'>eandem</span> <span class='ocrx_word' id='word_1_191' title='bbox 1579 1911 1668 1938; x_wconf 88' lang='lat' dir='ltr'>non</span> 
     </span>
     <span class='ocr_line' id='line_1_26' title="bbox 104 1969 1672 2030; baseline -0.006 -11"><span class='ocrx_word' id='word_1_192' title='bbox 104 1982 281 2020; x_wconf 85' lang='lat' dir='ltr'>tantum</span> <span class='ocrx_word' id='word_1_193' title='bbox 329 1975 552 2018; x_wconf 87' lang='lat' dir='ltr'>consimili</span> <span class='ocrx_word' id='word_1_194' title='bbox 602 1973 734 2017; x_wconf 90' lang='lat' dir='ltr'>modo</span> <span class='ocrx_word' id='word_1_195' title='bbox 782 1977 1105 2030; x_wconf 86' lang='lat' dir='ltr'>perennantem</span> <span class='ocrx_word' id='word_1_196' title='bbox 1141 1972 1347 2017; x_wconf 72' lang='lat' dir='ltr'>dicerem„</span> <span class='ocrx_word' id='word_1_197' title='bbox 1382 1969 1457 2012; x_wconf 92' lang='lat' dir='ltr'>sed</span> <span class='ocrx_word' id='word_1_198' title='bbox 1492 1981 1672 2023; x_wconf 89' lang='lat' dir='ltr'>quoque</span> 
     </span>
     <span class='ocr_line' id='line_1_27' title="bbox 104 2041 1683 2102; baseline -0.007 -12"><span class='ocrx_word' id='word_1_199' title='bbox 104 2048 224 2091; x_wconf 88' lang='lat' dir='ltr'>intra</span> <span class='ocrx_word' id='word_1_200' title='bbox 253 2061 445 2093; x_wconf 74' lang='lat' dir='ltr'>ramum,</span> <span class='ocrx_word' id='word_1_201' title='bbox 478 2060 615 2102; x_wconf 88' lang='lat' dir='ltr'>quem</span> <span class='ocrx_word' id='word_1_202' title='bbox 649 2045 809 2102; x_wconf 91' lang='lat' dir='ltr'>prioris</span> <span class='ocrx_word' id='word_1_203' title='bbox 839 2045 947 2087; x_wconf 90' lang='lat' dir='ltr'>anni</span> <span class='ocrx_word' id='word_1_204' title='bbox 983 2043 1291 2099; x_wconf 88' lang='lat' dir='ltr'>persistentem</span> <span class='ocrx_word' id='word_1_205' title='bbox 1325 2041 1530 2083; x_wconf 89' lang='lat' dir='ltr'>lubenter</span> <span class='ocrx_word' id='word_1_206' title='bbox 1550 2052 1683 2080; x_wconf 43' lang='lat' dir='ltr'>assu*</span> 
     </span>
     <span class='ocr_line' id='line_1_28' title="bbox 107 2114 1672 2167; baseline -0.008 -6"><span class='ocrx_word' id='word_1_207' title='bbox 107 2132 289 2167; x_wconf 83' lang='lat' dir='ltr'>merem,</span> <span class='ocrx_word' id='word_1_208' title='bbox 336 2117 557 2160; x_wconf 84' lang='lat' dir='ltr'>consimili</span> <span class='ocrx_word' id='word_1_209' title='bbox 606 2116 742 2159; x_wconf 89' lang='lat' dir='ltr'>modo</span> <span class='ocrx_word' id='word_1_210' title='bbox 786 2116 892 2158; x_wconf 89' lang='lat' dir='ltr'>novi</span> <span class='ocrx_word' id='word_1_211' title='bbox 935 2116 1046 2157; x_wconf 89' lang='lat' dir='ltr'>rami</span> <span class='ocrx_word' id='word_1_212' title='bbox 1084 2115 1212 2156; x_wconf 90' lang='lat' dir='ltr'>initia</span> <span class='ocrx_word' id='word_1_213' title='bbox 1246 2114 1362 2155; x_wconf 84' lang='lat' dir='ltr'>intra</span> <span class='ocrx_word' id='word_1_214' title='bbox 1394 2124 1568 2165; x_wconf 88' lang='lat' dir='ltr'>ramum</span> <span class='ocrx_word' id='word_1_215' title='bbox 1604 2123 1672 2151; x_wconf 91' lang='lat' dir='ltr'>ve-</span> 
     </span>
     <span class='ocr_line' id='line_1_29' title="bbox 105 2183 1684 2249; baseline -0.008 -17"><span class='ocrx_word' id='word_1_216' title='bbox 105 2194 279 2233; x_wconf 89' lang='lat' dir='ltr'>tustum</span> <span class='ocrx_word' id='word_1_217' title='bbox 321 2189 415 2231; x_wconf 90' lang='lat' dir='ltr'>fieri</span> <span class='ocrx_word' id='word_1_218' title='bbox 461 2193 623 2249; x_wconf 77' lang='lat' dir='ltr'>creata,</span> <span class='ocrx_word' id='word_1_219' title='bbox 656 2202 729 2230; x_wconf 90' lang='lat' dir='ltr'>me</span> <span class='ocrx_word' id='word_1_220' title='bbox 760 2188 1033 2236; x_wconf 77' lang='lat' dir='ltr'>observasse,</span> <span class='ocrx_word' id='word_1_221' title='bbox 1069 2200 1159 2228; x_wconf 88' lang='lat' dir='ltr'>non</span> <span class='ocrx_word' id='word_1_222' title='bbox 1191 2184 1316 2240; x_wconf 91' lang='lat' dir='ltr'>potui</span> <span class='ocrx_word' id='word_1_223' title='bbox 1349 2183 1458 2238; x_wconf 90' lang='lat' dir='ltr'>quin</span> <span class='ocrx_word' id='word_1_224' title='bbox 1492 2193 1684 2236; x_wconf 58' lang='lat' dir='ltr'>quoque&gt;</span> 
     </span>
     <span class='ocr_line' id='line_1_30' title="bbox 106 2274 417 2303; baseline -0.003 -1"><span class='ocrx_word' id='word_1_225' title='bbox 106 2274 417 2303; x_wconf 87' lang='lat' dir='ltr'>memorarem.</span> 
     </span>
    </p>

    <p class='ocr_par' dir='ltr' id='par_1_4' title="bbox 105 2322 1689 2882">
     <span class='ocr_line' id='line_1_31' title="bbox 248 2322 1672 2387; baseline -0.008 -14"><span class='ocrx_word' id='word_1_226' title='bbox 248 2330 539 2387; x_wconf 80' lang='lat' dir='ltr'>Quamquam</span> <span class='ocrx_word' id='word_1_227' title='bbox 570 2330 620 2372; x_wconf 89' lang='lat' dir='ltr'>in</span> <span class='ocrx_word' id='word_1_228' title='bbox 651 2335 744 2372; x_wconf 82' lang='lat' dir='ltr'>tota</span> <span class='ocrx_word' id='word_1_229' title='bbox 774 2330 859 2372; x_wconf 89' lang='lat' dir='ltr'>hoc</span> <span class='ocrx_word' id='word_1_230' title='bbox 890 2327 1286 2372; x_wconf 83' lang='lat' dir='ltr'>transformatione</span> <span class='ocrx_word' id='word_1_231' title='bbox 1323 2322 1549 2367; x_wconf 85' lang='lat' dir='ltr'>crescendi</span> <span class='ocrx_word' id='word_1_232' title='bbox 1583 2335 1672 2362; x_wconf 88' lang='lat' dir='ltr'>mo-</span> 
     </span>
     <span class='ocr_line' id='line_1_32' title="bbox 107 2392 1676 2457; baseline -0.008 -12"><span class='ocrx_word' id='word_1_233' title='bbox 107 2401 218 2444; x_wconf 90' lang='lat' dir='ltr'>dum</span> <span class='ocrx_word' id='word_1_234' title='bbox 264 2415 336 2444; x_wconf 88' lang='lat' dir='ltr'>me</span> <span class='ocrx_word' id='word_1_235' title='bbox 368 2401 549 2444; x_wconf 48' lang='lat' dir='ltr'>*vidisse</span> <span class='ocrx_word' id='word_1_236' title='bbox 596 2406 718 2457; x_wconf 86' lang='lat' dir='ltr'>puto,</span> <span class='ocrx_word' id='word_1_237' title='bbox 761 2401 835 2443; x_wconf 89' lang='lat' dir='ltr'>cui</span> <span class='ocrx_word' id='word_1_238' title='bbox 872 2400 986 2442; x_wconf 91' lang='lat' dir='ltr'>nihil</span> <span class='ocrx_word' id='word_1_239' title='bbox 1017 2398 1162 2442; x_wconf 88' lang='lat' dir='ltr'>simile</span> <span class='ocrx_word' id='word_1_240' title='bbox 1194 2398 1309 2438; x_wconf 89' lang='lat' dir='ltr'>inter</span> <span class='ocrx_word' id='word_1_241' title='bbox 1341 2394 1477 2449; x_wconf 86' lang='lat' dir='ltr'>Algas</span> <span class='ocrx_word' id='word_1_242' title='bbox 1509 2407 1581 2434; x_wconf 88' lang='lat' dir='ltr'>me</span> <span class='ocrx_word' id='word_1_243' title='bbox 1613 2392 1676 2433; x_wconf 84' lang='lat' dir='ltr'>vi-</span> 
     </span>
     <span class='ocr_line' id='line_1_33' title="bbox 106 2463 1674 2528; baseline -0.008 -13"><span class='ocrx_word' id='word_1_244' title='bbox 106 2471 225 2516; x_wconf 82' lang='lat' dir='ltr'>disse</span> <span class='ocrx_word' id='word_1_245' title='bbox 276 2472 476 2520; x_wconf 83' lang='lat' dir='ltr'>memini,</span> <span class='ocrx_word' id='word_1_246' title='bbox 529 2478 683 2515; x_wconf 85' lang='lat' dir='ltr'>tamen</span> <span class='ocrx_word' id='word_1_247' title='bbox 735 2471 1066 2528; x_wconf 83' lang='lat' dir='ltr'>conjiciendum</span> <span class='ocrx_word' id='word_1_248' title='bbox 1116 2473 1319 2525; x_wconf 89' lang='lat' dir='ltr'>putarem</span> <span class='ocrx_word' id='word_1_249' title='bbox 1368 2472 1506 2507; x_wconf 89' lang='lat' dir='ltr'>totam</span> <span class='ocrx_word' id='word_1_250' title='bbox 1556 2463 1674 2504; x_wconf 88' lang='lat' dir='ltr'>hanc</span> 
     </span>
     <span class='ocr_line' id='line_1_34' title="bbox 108 2533 1674 2597; baseline -0.008 -11"><span class='ocrx_word' id='word_1_251' title='bbox 108 2543 411 2586; x_wconf 86' lang='lat' dir='ltr'>evolutionem</span> <span class='ocrx_word' id='word_1_252' title='bbox 453 2542 652 2586; x_wconf 83' lang='lat' dir='ltr'>indicare</span> <span class='ocrx_word' id='word_1_253' title='bbox 692 2542 878 2585; x_wconf 90' lang='lat' dir='ltr'>modum</span> <span class='ocrx_word' id='word_1_254' title='bbox 911 2540 1136 2597; x_wconf 88' lang='lat' dir='ltr'>quendam</span> <span class='ocrx_word' id='word_1_255' title='bbox 1170 2564 1228 2569; x_wconf 88' lang='lat'><em>-</em></span> <span class='ocrx_word' id='word_1_256' title='bbox 1259 2539 1410 2579; x_wconf 84' lang='lat' dir='ltr'>forsan</span> <span class='ocrx_word' id='word_1_257' title='bbox 1443 2533 1674 2577; x_wconf 89' lang='lat' dir='ltr'>nonnullis</span> 
     </span>
     <span class='ocr_line' id='line_1_35' title="bbox 107 2607 1675 2670; baseline -0.008 -13"><span class='ocrx_word' id='word_1_258' title='bbox 107 2614 460 2670; x_wconf 88' lang='lat' dir='ltr'>Microcystideis</span> <span class='ocrx_word' id='word_1_259' title='bbox 507 2614 740 2670; x_wconf 91' lang='lat' dir='ltr'>proprium</span> <span class='ocrx_word' id='word_1_260' title='bbox 772 2639 842 2663; x_wconf 78' lang='lat'>—,</span> <span class='ocrx_word' id='word_1_261' title='bbox 885 2626 976 2668; x_wconf 94' lang='lat' dir='ltr'>quo</span> <span class='ocrx_word' id='word_1_262' title='bbox 1017 2611 1193 2667; x_wconf 86' lang='lat' dir='ltr'>plantas</span> <span class='ocrx_word' id='word_1_263' title='bbox 1233 2621 1409 2650; x_wconf 90' lang='lat' dir='ltr'>annuas</span> <span class='ocrx_word' id='word_1_264' title='bbox 1440 2607 1486 2648; x_wconf 92' lang='lat' dir='ltr'>in</span> <span class='ocrx_word' id='word_1_265' title='bbox 1520 2619 1675 2661; x_wconf 89' lang='lat' dir='ltr'>peren-</span> 
     </span>
     <span class='ocr_line' id='line_1_36' title="bbox 105 2679 1675 2732; baseline -0.006 -6"><span class='ocrx_word' id='word_1_266' title='bbox 105 2689 267 2728; x_wconf 87' lang='lat' dir='ltr'>nantes</span> <span class='ocrx_word' id='word_1_267' title='bbox 298 2680 621 2728; x_wconf 84' lang='lat' dir='ltr'>transmutatas</span> <span class='ocrx_word' id='word_1_268' title='bbox 652 2684 747 2727; x_wconf 87' lang='lat' dir='ltr'>fieri</span> <span class='ocrx_word' id='word_1_269' title='bbox 780 2683 1100 2726; x_wconf 87' lang='lat' dir='ltr'>demonstrant.</span> <span class='ocrx_word' id='word_1_270' title='bbox 1155 2679 1385 2728; x_wconf 87' lang='lat' dir='ltr'>Cellulam,</span> <span class='ocrx_word' id='word_1_271' title='bbox 1415 2691 1554 2719; x_wconf 88' lang='lat' dir='ltr'>novas</span> <span class='ocrx_word' id='word_1_272' title='bbox 1577 2690 1675 2732; x_wconf 88' lang='lat' dir='ltr'>par-</span> 
     </span>
     <span class='ocr_line' id='line_1_37' title="bbox 108 2747 1681 2811; baseline -0.007 -12"><span class='ocrx_word' id='word_1_273' title='bbox 108 2760 174 2798; x_wconf 85' lang='lat' dir='ltr'>tes</span> <span class='ocrx_word' id='word_1_274' title='bbox 204 2749 535 2811; x_wconf 81' lang='lat' dir='ltr'>generaturam,</span> <span class='ocrx_word' id='word_1_275' title='bbox 568 2760 763 2798; x_wconf 87' lang='lat' dir='ltr'>creatam</span> <span class='ocrx_word' id='word_1_276' title='bbox 797 2754 891 2796; x_wconf 91' lang='lat' dir='ltr'>fieri</span> <span class='ocrx_word' id='word_1_277' title='bbox 924 2757 1050 2795; x_wconf 82' lang='lat' dir='ltr'>extra</span> <span class='ocrx_word' id='word_1_278' title='bbox 1087 2750 1268 2793; x_wconf 90' lang='lat' dir='ltr'>cellulas</span> <span class='ocrx_word' id='word_1_279' title='bbox 1299 2749 1502 2804; x_wconf 87' lang='lat' dir='ltr'>proprias</span> <span class='ocrx_word' id='word_1_280' title='bbox 1533 2747 1681 2789; x_wconf 76' lang='lat' dir='ltr'>axiles</span> 
     </span>
     <span class='ocr_line' id='line_1_38' title="bbox 108 2819 1689 2882; baseline -0.006 -14"><span class='ocrx_word' id='word_1_281' title='bbox 108 2839 182 2868; x_wconf 88' lang='lat' dir='ltr'>me</span> <span class='ocrx_word' id='word_1_282' title='bbox 214 2825 378 2869; x_wconf 90' lang='lat' dir='ltr'>vidisse</span> <span class='ocrx_word' id='word_1_283' title='bbox 410 2831 521 2882; x_wconf 87' lang='lat' dir='ltr'>puto</span> <span class='ocrx_word' id='word_1_284' title='bbox 541 2851 601 2856; x_wconf 91' lang='lat'>—</span> <span class='ocrx_word' id='word_1_285' title='bbox 628 2825 713 2868; x_wconf 90' lang='lat' dir='ltr'>hoc</span> <span class='ocrx_word' id='word_1_286' title='bbox 745 2824 878 2867; x_wconf 89' lang='lat' dir='ltr'>modo</span> <span class='ocrx_word' id='word_1_287' title='bbox 909 2824 1063 2866; x_wconf 85' lang='lat' dir='ltr'>forsan</span> <span class='ocrx_word' id='word_1_288' title='bbox 1096 2821 1179 2864; x_wconf 89' lang='lat' dir='ltr'>sibi</span> <span class='ocrx_word' id='word_1_289' title='bbox 1211 2819 1515 2863; x_wconf 86' lang='lat' dir='ltr'>vindicantem</span> <span class='ocrx_word' id='word_1_290' title='bbox 1548 2823 1689 2860; x_wconf 88' lang='lat' dir='ltr'>natu--</span> 
     </span>
    </p>
   </div>
  </div>
 </body>
</html>
