1779 3068
119 102 199 142 116
752 90 1048 131 ENDOGENIA.

115 217 272 259 habitu
306 210 674 267 Polysiphoniam
710 206 939 263 quandam
974 206 1189 261 adspectu
1218 210 1401 247 externo
1425 207 1681 258 referentis3

115 301 227 343 quos
260 299 365 326 vero
398 281 636 324 fasciculos
667 279 749 321 rite
782 278 1062 320 examinatos
1096 276 1188 318 vidi
1220 290 1300 318 sua
1333 283 1556 319 structura
1578 292 1682 320 cum

115 357 240 400 caule
290 351 647 397 Gracilarioideae
695 354 1011 404 congruentes3
1061 353 1104 389 et
1151 349 1212 389 ita
1258 349 1505 403 intelligere
1553 349 1684 392 licere

115 430 317 484 plantam
351 421 823 479 Polysiphonioideam
857 420 1010 461 sistere
1034 425 1181 474 partes
1204 419 1456 461 fructiferas
1480 420 1682 475 ejusdem

116 500 293 556 plantae,
334 509 470 551 quam
518 493 600 535 sub
643 492 779 534 sterili
812 496 929 532 statu
965 495 1006 532 et
1039 490 1183 545 magis
1213 490 1460 545 juvenilem
1496 491 1687 533 Gracila-

115 570 330 612 rioideain
366 566 471 608 dixi.
536 564 605 606 Ad
640 578 691 606 ea
723 563 870 618 igitur,
906 576 1005 616 quae
1039 561 1063 602 l.
1100 575 1134 602 c.
1171 560 1225 602 de
1266 562 1518 615 Emloyema
1549 564 1686 616 ργασί-

116 642 232 684 laria
281 639 386 686 dixi,
437 636 671 691 sequentia
714 634 767 676 de
808 634 962 688 planta
995 632 1214 674 adultiore
1247 637 1290 674 et
1322 634 1688 688 cystocarpiifera

118 712 250 754 hodie
298 709 462 752 addere
510 711 726 763 opportet,
782 718 1059 760 quamquam
1111 709 1152 745 et
1202 703 1333 745 hodie
1381 704 1685 746 confitendum

116 783 227 825 mihi
263 781 489 823 videretur
521 778 576 820 de
610 778 826 820 affinitate
860 776 1066 831 proxima
1099 775 1234 830 hujus
1263 775 1498 830 peculiaris
1522 776 1686 831 plantae

118 869 233 909 aegre
267 850 519 907 dijudicari,
554 849 719 904 ignotis
752 848 900 890 adhuc
939 847 1273 902 sphaerosporiS,
1308 860 1407 901 quae
1440 847 1484 888 in
1521 847 1686 901 planta,

118 926 203 968 alio
252 928 457 978 respectu
505 921 589 963 sibi
638 920 830 976 propria,
883 932 1062 973 quoque
1111 918 1157 958 in
1196 917 1494 959 affinitatibus
1528 917 1689 973 dijudi-

118 996 274 1039 candis
307 992 594 1037 consulendae
628 991 899 1032 viderentur.

263 1065 521 1108 Meminisse
571 1063 715 1118 placet
760 1062 987 1117 specimen
1030 1060 1230 1116 juvenile
1264 1061 1400 1116 hujus
1434 1060 1596 1116 plantae
1629 1060 1691 1102 ita

118 1154 223 1181 cum
263 1136 515 1180 Gracilarz‘a
550 1134 815 1188 coqfferzm‘de
847 1132 1099 1181 convenire,
1140 1136 1189 1173 ut
1221 1133 1428 1174 incautus
1462 1131 1690 1187 specimen

120 1208 343 1265 ejusmodi
392 1207 447 1249 ad
496 1207 613 1247 hanc
662 1205 862 1260 plantam
914 1203 1090 1245 facilius
1122 1204 1325 1252 referret;
1361 1207 1558 1244 attamen
1592 1203 1688 1253 hoc,

121 1285 275 1336 utpote
310 1278 452 1333 magis
485 1277 799 1332 gelatinosum,
840 1275 922 1316 sub
957 1274 1253 1316 exsiccatione
1287 1274 1381 1315 fieri
1416 1274 1558 1329 magis
1592 1288 1689 1316 con-

120 1358 322 1397 tractam,
373 1354 415 1390 et
462 1349 567 1389 hinc
615 1352 763 1402 partes
811 1345 1047 1387 inferiores
1095 1345 1296 1400 ejusdem
1343 1345 1482 1387 videri
1526 1345 1691 1387 chartae

126 1436 283 1478 parum
329 1420 620 1468 adhaerentes,
665 1417 867 1473 apicibus
906 1431 1010 1458 vero
1044 1417 1265 1472 supremis
1299 1430 1415 1471 saepe
1449 1417 1577 1471 quasi
1611 1417 1692 1458 dif-

121 1493 377 1535 fluentibus.
434 1491 705 1532 Examinata
738 1494 961 1531 structura
994 1488 1203 1543 (sectione
1236 1488 1356 1530 facta
1389 1488 1690 1542 transversali)

122 1564 359 1606 observare
412 1563 512 1604 licet
565 1560 770 1603 cellulam
825 1559 1068 1601 centralem
1121 1559 1409 1614 conspicuam
1464 1559 1689 1609 obvenire,

123 1636 315 1678 cinctam
364 1632 733 1688 pericentralibus
775 1632 903 1679 6—8,
938 1631 1209 1685 intersperso
1242 1630 1462 1686 adparatu
1495 1630 1692 1686 quodam

122 1706 298 1748 filorum
351 1704 706 1754 intercalarium
756 1703 952 1744 sectione
986 1716 1089 1743 vero
1124 1703 1241 1743 facta
1274 1701 1589 1756 longitudinali
1623 1701 1694 1743 ad-

125 1781 278 1833 pareat
325 1775 506 1818 cellulas
556 1774 729 1817 frondis
778 1788 934 1815 omnes
984 1788 1110 1814 secus
1156 1773 1485 1828 longitudinem
1519 1773 1693 1815 frondis

123 1863 218 1890 esse
267 1848 517 1902 elongatas:
569 1846 810 1888 centralem
857 1845 1062 1886 cellulam
1106 1845 1259 1886 sistere
1293 1845 1530 1899 siphonem
1564 1845 1693 1900 quasi

125 1920 291 1966 axilcm,
343 1919 434 1960 suis
483 1916 958 1959 circumambientibus
1007 1915 1177 1957 cellulis
1222 1916 1396 1958 circiter
1434 1916 1571 1971 duplo
1606 1917 1694 1958 lon-

124 1992 315 2046 giorem;
367 1995 409 2031 et
458 1990 573 2030 inter
622 1988 834 2042 siphones
882 1987 976 2037 hos,
1021 1988 1083 2028 ita
1116 1988 1308 2042 majores
1341 1987 1527 2034 ambitu,
1563 1987 1694 2042 adpa-

127 2068 272 2103 ratum
322 2060 633 2102 intercalarem
677 2073 811 2114 quem
854 2059 946 2099 dixi
980 2058 1190 2100 constitui
1225 2059 1491 2113 siphonibus
1524 2059 1696 2101 confor-

126 2132 287 2182 mibus,
338 2136 383 2174 at
429 2131 669 2186 conspicue
717 2130 997 2172 tenuioribus
1018 2129 1068 2185 ²⁹).
1135 2130 1328 2172 Cellulas
1371 2131 1507 2185 igitur
1539 2144 1695 2172 omnes

125 2203 332 2245 frondem
381 2203 702 2244 constituentes
751 2216 845 2243 esse
894 2202 1135 2255 elongatas,
1186 2201 1456 2256 easdemque
1500 2201 1693 2244 invicem

126 2275 410 2323 alternantes,
446 2279 490 2315 at
522 2287 679 2315 omnes
712 2273 929 2315 contineri
964 2272 1323 2314 anastomosibus
1357 2273 1485 2327 quasi
1517 2273 1565 2314 111
1597 2272 1696 2314 reti-

127 2346 292 2395 culum,
328 2344 450 2399 quod
481 2345 529 2385 in
562 2344 749 2399 juvenili
788 2344 941 2399 planta
973 2344 1118 2385 laxius
1151 2343 1384 2399 adpa1·eat;
1436 2350 1478 2385 et
1519 2344 1696 2386 facilius

128 2416 354 2458 videretur
387 2416 516 2470 quasi
550 2415 810 2457 distractum
848 2416 905 2470 (in
942 2415 1144 2470 apicibus
1175 2415 1405 2456 frondium
1430 2415 1698 2470 adparenter
1756 2422 1761 2423 ⁷

128 2487 424 2542 gelatinosis);
475 2486 594 2541 quod
648 2500 748 2528 vero
800 2487 892 2527 fieri
943 2487 1086 2541 magis
1130 2491 1407 2528 contractum
1443 2486 1502 2540 (in
1536 2486 1695 2528 fronde
1745 2523 1749 2525 1

130 2558 361 2603 aslultiore,
399 2572 535 2612 quam
570 2571 801 2599 carnosam
838 2557 957 2612 dixi).
1014 2556 1206 2599 Cellulas
1233 2557 1369 2611 igitur
1391 2571 1546 2598 omnes
1571 2571 1696 2599 secus

273 2677 304 2717 ⁴³)
344 2678 467 2711 Hodie
506 2678 649 2711 dixisse
689 2681 865 2721 opportet
902 2677 1022 2710 fuisse
1065 2677 1162 2710 hanc
1200 2677 1459 2719 adparentialn
1499 2679 1697 2710 structurae

128 2737 309 2769 {sectione
349 2738 448 2770 facta
487 2737 632 2770 frondis
672 2737 939 2777 transversali),
972 2747 1082 2778 quan}
1112 2747 1197 2769 cum
1224 2736 1447 2778 Mycliodeis
1474 2736 1699 2778 adparenter

130 2799 400 2834 c‹⁷›11;:1·nentem
429 2796 517 2835 vidi,
545 2797 604 2829 cui
632 2796 887 2829 insistendum
915 2796 1057 2839 putavi,
1085 2795 1215 2829 Genus
1242 2795 1343 2835 quod
1370 2795 1463 2828 finxi
1490 2806 1630 2829 novum
1651 2795 1698 2828 ad

134 2854 307 2886 viciniam
338 2855 557 2897 Mychodeae
584 2856 762 2889 referens.
