1779 3068
754 99 1080 142 GRACILARIAE.
1647 109 1703 150 85

129 215 200 255 42.
271 213 354 256 GR.
393 229 770 257 CORONOPIFOLIA
804 218 849 259 J.
885 218 965 271 Ag).
1001 219 1147 273 Epicr.
1175 235 1222 273 p.
1256 224 1342 263 414
1362 221 1413 277 ²⁵³).

628 344 708 368 *²³²*
745 345 997 389 SUBULATAE
1044 350 1226 392 ramulis
1263 351 1492 406 frondium
1540 355 1702 397 ultimis

745 417 885 469 massis
915 422 1114 470 patenter
1150 421 1461 475 diveryentibus
1491 426 1702 468 subulatz's

735 487 937 540 frondem
958 490 1057 542 fere
1089 496 1302 534 armatam
1330 495 1629 546 formantibus.

128 592 198 633 43.
269 591 353 633 GR.
390 606 718 633 CORNIGULATA
753 593 806 634 R.
842 593 941 646 Br.;
972 595 1015 636 J.
1052 596 1130 649 Ay.
1166 598 1315 650 Epicr.
1341 615 1386 653 p.
1423 603 1513 643 424
1533 600 1613 656 ²³⁰⁸).

536 723 594 775 ††
625 721 1100 767 PHYLLOPHOROIDEAE
1135 726 1295 780 fronde
1335 730 1585 772 dariusoula
1627 733 1699 774 ad-

616 797 823 845 parenter
876 794 1197 849 miorooystidea
1246 800 1383 851 plana
1437 805 1474 842 et
1527 802 1694 851 lineari,

615 877 748 917 parce
799 864 1034 907 dichotoma
1085 872 1160 909 aut
1206 870 1386 912 ramulis
1432 886 1459 912 a
1505 874 1698 926 maryine

624 935 880 988 adparenter
924 937 1267 992 prolifloantibus
1318 940 1493 993 insuper
1544 944 1696 985 decom.-

615 1006 770 1059 posita,
819 1008 1041 1060 seymentis
1087 1008 1247 1050 lineari
1294 1012 1478 1064 oblonyis
1526 1015 1694 1064 obtusis,

125 1183 295 1227 ipsarum
322 1184 506 1218 diametro
532 1185 612 1218 fere
638 1185 754 1228 duplo
780 1186 985 1228 longiores;
1015 1187 1220 1221 exteriores
1247 1188 1402 1222 cellulas
1428 1190 1547 1232 magis
1568 1191 1696 1224 micro-

127 1243 316 1286 cystideas
343 1243 520 1278 dicerem.

268 1301 300 1344 ³)
325 1303 512 1336 Frondem
553 1303 616 1337 Gr.
656 1304 939 1347 coronopifoliae
980 1304 1035 1346 (J.
1076 1306 1143 1350 Ay.
1182 1305 1310 1349 Epicr.
1343 1318 1383 1350 p.
1418 1307 1509 1349 414)
1551 1308 1698 1342 iterato-

124 1362 388 1404 corymbosam
427 1362 602 1396 lubenter
640 1363 820 1403 dicerem;
862 1365 1052 1407 corymbis
1091 1365 1280 1408 primariis
1320 1366 1367 1399 ad
1403 1377 1492 1400 suas
1523 1367 1697 1400 rachides

124 1421 388 1454 teretiusculas
434 1422 670 1465 cystocarpia
711 1423 986 1457 unilateraliter
1023 1424 1162 1457 seriata
1200 1425 1487 1467 generantibus;
1527 1426 1616 1459 dum
1656 1426 1696 1459 in

123 1479 207 1513 aliis
247 1481 488 1523 corymbulis,
528 1481 636 1523 quasi
674 1482 784 1515 novis
824 1485 861 1515 et
894 1483 1157 1526 superpositis,
1184 1484 1418 1526 longioribus
1446 1488 1483 1518 et
1509 1485 1621 1528 paulo
1648 1488 1697 1519 te-

123 1539 333 1580 nuioribus,
370 1540 499 1573 forsan
532 1551 641 1575 novae
668 1541 777 1574 sedes
805 1545 1067 1584 praeparantur
1092 1543 1338 1586 cystocarpiis
1365 1544 1436 1577 sub
1463 1555 1563 1578 novo
1589 1544 1697 1586 quasi

122 1598 426 1633 fructificationis
453 1599 608 1642 periodo
635 1600 960 1644 provenientibus,
1011 1602 1193 1635 Ramulos
1225 1602 1442 1636 fructiferos
1469 1603 1522 1636 ita
1548 1603 1628 1636 fieri
1656 1604 1695 1637 in

123 1657 240 1691 latere
279 1658 395 1692 fertili
430 1659 574 1692 sensim
613 1660 884 1702 complanatos‚
912 1663 950 1694 et
976 1661 1021 1694 ad
1049 1661 1285 1704 cystocarpia
1310 1673 1379 1695 suo
1406 1662 1557 1705 proprio
1584 1662 1697 1696 modo

122 1718 338 1759 generanda
379 1720 499 1761 aptos,
542 1719 672 1752 forsan
714 1719 983 1762 suspicandam
1027 1721 1228 1754 videretur.
1289 1720 1454 1754 Cellulas
1496 1721 1694 1755 interiores

122 1776 268 1810 frondis
301 1776 509 1811 directione
541 1779 730 1820 margines
766 1782 964 1822 spectante
990 1780 1103 1822 paulo
1129 1780 1318 1822 longiores
1344 1791 1456 1822 quam
1484 1780 1558 1813 alia
1583 1781 1695 1814 ‹lirec-

77 1830 90 1842 ⁸
123 1835 227 1869 tione
264 1836 493 1870 incrassatas
532 1837 609 1871 vidi
638 1857 682 1861 ——
718 1838 771 1871 ita
809 1839 962 1872 easdem
1000 1840 1415 1881 rotundato-angulatas
1455 1843 1492 1873 et
1530 1840 1694 1873 invicem

122 1895 365 1936 alternantem,
393 1896 541 1938 angulis
568 1897 669 1931 dicta
694 1897 902 1932 directione
928 1899 1037 1940 quasi
1064 1899 1258 1941 paulisper
1282 1899 1496 1941 protractis;
1525 1902 1563 1932 et
1580 1909 1694 1941 supra.

122 1957 284 1988 stratum
323 1955 514 1988 internum
544 1975 587 1978 —
614 1956 654 1989 in
687 1967 761 1999 quo
793 1957 968 1991 cellulam
995 1958 1200 1991 centralem
1227 1958 1291 1992 vix
1320 1958 1614 1999 dignoscendam
1642 1957 1692 1990 di-

122 2023 246 2047 cerem
283 2014 369 2055 (nisi
409 2014 493 2047 aliis
532 2015 725 2059 paulisper
763 2016 963 2059 minorem)
996 2036 1039 2040 —-—
1076 2020 1235 2050 stratum
1276 2017 1449 2050 cortioale
1488 2016 1692 2049 admodum

122 2073 316 2107 evolutum
355 2074 445 2107 vidi.
495 2075 693 2108 Ambitum
731 2076 889 2119 frondis,
930 2077 1099 2110 sectione
1137 2077 1238 2109 facta
1275 2075 1529 2116 tmnsversali,
1568 2075 1619 2108 ita
1645 2075 1693 2108 ad

122 2132 283 2166 formam
312 2143 358 2166 ex
385 2133 493 2166 tereti
522 2134 724 2176 oblongam
752 2135 972 2169 tendentem
1002 2136 1091 2170 vidi.

268 2191 325 2233 w)
351 2192 522 2235 Speciem
554 2193 669 2227 Novae
696 2194 922 2235 Hollandiae,
950 2206 1062 2237 quam
1090 2195 1161 2228 sub
1188 2194 1341 2227 nomine.
1370 2192 1435 2226 Gr.
1463 2192 1694 2226 corniculatoe

121 2250 261 2294 saepius
280 2251 512 2285 intellectam
532 2256 716 2294 putarem,
740 2264 871 2287 revera
890 2265 1022 2297 parum
1042 2254 1230 2296 cognitam
1249 2253 1435 2295 suspicoi·;
1457 2252 1692 2293 eandemque

121 2320 190 2343 nec
228 2320 250 2343 a
288 2310 477 2354 Harveyo‚
515 2311 771 2356 Phycoloyiam
809 2313 1008 2347 australem
1046 2313 1236 2346 scribente
1275 2313 1403 2344 forsan
1439 2311 1691 2344 observatam.

120 2370 183 2403 Me
221 2369 346 2412 ipsum
386 2381 535 2413 quoque
574 2382 694 2414 pauca
733 2373 903 2415 ejusdem
944 2372 1153 2415 specimina
1192 2371 1382 2412 habuisse,
1422 2375 1502 2402 tum
1529 2369 1692 2411 spliaero-

122 2429 319 2471 sporifera,
353 2432 435 2462 tum
468 2430 515 2463 ad
547 2441 671 2464 ramos
699 2442 846 2466 coronae
874 2432 1082 2472 inferiores,
1111 2441 1225 2473 supra
1251 2430 1426 2472 paginam
1455 2428 1561 2470 quasi
1590 2428 1691 2461 hunc

122 2487 162 2521 in
200 2488 314 2522 finem
355 2499 612 2532 compressam
649 2491 970 2534 cystocarpiifera‚
1008 2491 1150 2525 dixisse
1178 2490 1310 2532 placet.
1362 2488 1533 2530 Speciem
1561 2497 1691 2520 revera

121 2547 309 2581 minutam
348 2551 451 2591 puto,
491 2549 630 2592 saepius
669 2551 842 2593 caespites
875 2550 1143 2583 erectiusculos
1176 2549 1239 2582 vix
1267 2548 1287 2579 :5
1314 2546 1469 2589 pollices
1498 2550 1689 2587 aequantes

121 2606 370 2649 longitudine.
420 2608 572 2642 Ramuli
611 2610 758 2643 steriles
795 2610 874 2642 fere
907 2609 1073 2642 subulati
1101 2608 1299 2650 adparent;
1328 2606 1471 2638 fertiles
1498 2605 1690 2638 breviores

121 2666 242 2708 magis
269 2667 400 2700 conici.
444 2667 489 2700 In
516 2671 622 2710 parte
648 2669 958 2712 cystocarpiifera
984 2667 1157 2700 frondem
1176 2666 1283 2708 quasi
1304 2665 1391 2697 hinc
1410 2664 1690 2706 complanatam

120 2735 190 2759 sua
227 2726 310 2759 basi
348 2726 480 2760 latiore
519 2728 754 2770 cystocarpia
791 2728 1056 2761 sustinentem.
1108 2725 1271 2758 Cellulas
1312 2723 1456 2757 frondis
1492 2723 1689 2756 interiores

122 2803 165 2807 —
193 2795 262 2818 sua
293 2785 500 2820 directione
536 2787 725 2829 margines
757 2797 888 2820 versus
916 2785 1060 2818 frondis
1088 2784 1280 2826 paulisper
1307 2783 1512 2824 elongatas,
1541 2791 1690 2824 quoque

121 2843 324 2878 observare
351 2845 506 2879 credidi.
