1779 3068
101 591 138 643 Ι.
217 591 298 642 De
344 589 646 659 principiiS‚
697 589 904 657 quibus
953 588 1209 639 insistere
1247 591 1568 657 opporteret
1607 587 1664 638 in

97 678 466 731 affinitatibus
507 678 895 729 Floridearum
932 677 1329 745 dijudicandis3
1372 681 1423 728 et
1458 676 1664 745 quibus

157 769 259 820 rite
298 767 672 836 interpretatis
713 766 1131 835 systematicam
1173 765 1601 834 dispositionem

258 861 477 908 naturae
516 859 955 907 consentaneam
998 853 1131 905 oriri
1170 854 1501 922 putaverim.

237 1029 413 1072 Iteratis
454 1028 629 1072 vicibus
677 1027 888 1070 scribenti
936 1026 1049 1068 mihi
1091 1025 1146 1068 de
1183 1025 1323 1068 Novis
1356 1024 1666 1067 Floridearum

93 1101 252 1143 formis
298 1113 545 1155 earumque
586 1098 808 1141 affinitate
849 1111 994 1153 pauca
1032 1111 1212 1152 quoque
1243 1096 1377 1138 hodie
1410 1095 1667 1138 confitenda

92 1172 304 1215 videntur
351 1171 406 1213 de
453 1171 562 1226 ipsis
604 1169 849 1226 principiis,
886 1168 1050 1224 quibus
1091 1169 1140 1210 in
1181 1168 1266 1210 hac
1299 1167 1520 1209 affinitate
1552 1167 1666 1222 judi-

93 1243 237 1286 canda
268 1242 569 1285 insistendum
602 1241 851 1292 crederem;
886 1244 928 1283 et
959 1240 1044 1282 hoc
1067 1239 1253 1294 quidem
1275 1253 1326 1281 eo
1349 1238 1498 1294 aptius
1522 1252 1664 1293 quum

93 1328 119 1356 a
151 1313 382 1356 nonnullis
423 1313 573 1368 urgeri
610 1312 789 1355 videam
829 1311 928 1366 ipsa
962 1311 1196 1367 principia,
1232 1310 1396 1365 quibus
1430 1310 1664 1364 hucusque

93 1384 437 1441 dispositionem
484 1383 818 1439 systematicam
860 1386 1164 1437 superstruere
1209 1381 1541 1431 consuevimus,
1576 1394 1663 1422 om-

91 1456 200 1498 nino
233 1455 349 1498 falsa
380 1455 636 1511 praedicari;
671 1458 806 1510 atque
839 1454 945 1495 hinc
972 1450 1129 1495 omnes
1151 1453 1273 1495 hunc
1295 1452 1342 1493 in
1365 1452 1501 1494 finem
1525 1452 1664 1493 factas

91 1527 426 1570 observationes
478 1540 618 1570 vanas
671 1524 956 1575 considerari,
1011 1537 1269 1579 novamque
1324 1522 1663 1578 dispositionem

91 1598 189 1640 aliis
231 1598 416 1640 omnino
456 1597 689 1653 principiis
721 1600 771 1638 ut
803 1596 1015 1638 dixerunt
1046 1595 1191 1650 magis
1217 1594 1533 1650 physioloyicis,
1569 1607 1664 1635 esse

90 1669 388 1712 innitendam.
453 1667 682 1717 Quaeritur
728 1668 812 1710 hoc
860 1667 994 1709 modo
1043 1681 1135 1708 non
1178 1669 1355 1708 tantum
1389 1664 1664 1720 quibusnam

90 1740 305 1797 partibus,
355 1739 431 1782 sed
483 1740 618 1782 etiam
667 1739 940 1795 quibusnam
989 1738 1189 1794 partium
1237 1735 1568 1779 characteribus
1616 1736 1663 1777 in

91 1812 311 1854 affinitate
355 1810 601 1867 judicanda
641 1811 847 1853 insistere
881 1813 1158 1866 opporteret;
1193 1808 1269 1850 sed
1303 1808 1451 1864 agitur
1483 1820 1663 1862 quoque

91 1882 278 1938 quaestio
311 1896 429 1924 anne
462 1882 584 1938 ipsos
617 1881 781 1924 limites
814 1880 1124 1923 Floridearum
1159 1880 1286 1922 aliter
1319 1879 1480 1921 ducere
1507 1892 1663 1934 oppor-

90 1958 214 1997 teret.
277 1954 336 1996 Et
369 1953 448 2009 qui
480 1953 701 1995 limitibus
734 1953 921 1995 servatis
954 1952 989 1993 F
993 1951 1264 1993 loridearum
1299 1950 1353 1992 de
1386 1953 1545 1991 mutua
1572 1949 1663 1991 affi-

89 2025 229 2068 nitate
261 2024 479 2081 judicant,
515 2023 846 2067 characteribus
880 2023 1115 2078 hucusque
1148 2021 1263 2064 datis
1296 2021 1430 2071 ducti,
1466 2021 1535 2062 his
1568 2020 1661 2062 nul-

89 2096 185 2139 lum
233 2096 418 2138 omnino
459 2096 573 2138 foret
614 2095 836 2151 judicium
869 2098 947 2136 aut
978 2093 1302 2143 auctoritatem,
1336 2092 1501 2147 ignotis
1534 2090 1662 2132 nimi-

88 2182 190 2210 rum
223 2167 319 2210 istis
353 2166 697 2216 characteribus,
733 2180 788 2208 ex
821 2165 987 2220 quibus
1020 2169 1197 2207 tantum
1228 2163 1282 2205 de
1305 2163 1526 2205 affinitate
1548 2161 1660 2216 judi·

89 2237 287 2281 candum
319 2237 557 2280 videretur.
615 2237 661 2279 Si
693 2236 889 2291 denique
923 2235 1024 2291 quis
1057 2234 1169 2277 mihi
1202 2234 1428 2290 praecipue
1454 2232 1661 2288 inoppor-

89 2315 253 2351 tunum
271 2308 498 2364 putaverit
515 2307 649 2350 hodie
667 2307 721 2349 de
739 2306 1024 2363 systematica
1042 2305 1332 2361 dispositione
1350 2303 1660 2346 Floridearum

89 2380 348 2436 opinionem
395 2378 624 2434 quandam
670 2378 879 2433 proferre,
924 2377 981 2419 ad
1025 2390 1173 2419 meam
1207 2375 1566 2431 exculpationem
1600 2374 1660 2416 di-

88 2452 206 2493 xisse
239 2450 392 2492 forsan
424 2449 567 2500 liceat,
601 2463 684 2491 nec
715 2449 836 2504 ipsos
869 2448 1204 2490 Reformatores
1236 2446 1492 2502 systematis
1524 2445 1660 2488 Flori-

88 2521 276 2565 dearum
319 2520 560 2563 hodiernos
597 2520 679 2562 rite
712 2519 952 2562 convenire
986 2518 1039 2560 de
1071 2518 1181 2574 ipsis
1214 2516 1458 2573 principiis,
1494 2516 1659 2572 quibus

88 2607 254 2636 novam
288 2591 520 2648 quandam
545 2590 884 2646 dispositionem
909 2589 1251 2645 Systematicam
1274 2586 1515 2630 fundatam
1538 2587 1660 2630 volu-

88 2667 240 2716 erunt;
287 2664 408 2719 ipsos
441 2663 554 2718 quin
584 2662 724 2704 immo
757 2662 839 2704 hos
872 2661 1204 2703 Reformatores
1237 2658 1491 2715 systematis
1524 2658 1658 2701 Flori-

1495 2742 1513 2775 1
