1779 3068
1620 81 1647 122 9

77 199 181 242 deas
229 199 405 242 Genera
451 199 658 242 vesiculis
706 199 931 250 destituta,
981 213 1082 254 quae
1123 198 1271 241 saltim
1317 199 1400 240 hoc
1439 201 1645 254 respectu

73 270 224 326 potius
257 283 360 312 cum
391 270 764 312 Laminarioideis
786 270 1091 326 comparanda
1113 269 1213 325 quis
1236 269 1472 325 putaverit.
1530 269 1646 311 Sunt

75 339 137 382 ita
179 340 254 383 alii
293 341 584 393 characteres,
627 341 791 396 quibus
832 341 1109 395 congruentice
1139 341 1234 383 vitoe
1266 340 1535 389 indicantur,
1570 339 1646 381 alii

76 411 240 467 quibus
273 412 507 468 affinitates
525 411 576 467 ²⁵²).
631 412 688 454 Et
718 412 766 454 in
800 411 1049 468 Systemate
1076 411 1289 454 struendo
1312 411 1506 453 naturali
1531 411 1643 465 ejus-

75 482 198 524 modi
231 482 564 525 distinctionem
597 483 712 525 inter
744 483 1033 533 characteres,
1065 496 1177 538 quos
1200 482 1515 537 congruentias
1540 482 1644 524 vitae

74 553 401 608 cujuscumque
433 553 603 595 ordinis
635 553 725 595 sint
757 553 913 608 (Pisces
945 557 988 595 et
1025 553 1228 606 Oetaeam
1259 553 1501 596 Batrachia
1529 566 1644 594 com-

73 623 240 679 paratis
272 623 555 678 Ranunculis)
589 627 631 665 et
663 623 828 678 quibus
861 624 1098 680 affinitates
1134 624 1327 679 propriae
1359 627 1494 679 atque
1527 636 1644 666 verae

72 692 343 744 indicantur,
377 693 652 749 ubicumque
685 694 976 749 quaerendam
1009 709 1117 745 esse,
1141 695 1218 738 Vix
1251 695 1479 750 quispiam
1510 693 1644 736 hodie

72 763 326 820 denegaret,
361 765 397 806 si
430 778 611 820 quoque
643 764 835 820 cognitae
868 769 974 807 sunt
1006 765 1354 816 observationes,
1391 765 1444 807 de
1477 765 1643 820 quibus

73 835 182 890 quid
216 834 300 878 sibi
332 835 512 878 valeant
542 836 696 877 forsan
728 835 907 878 cuidam
947 835 1136 878 dubium
1170 836 1397 879 videretur
1417 835 1497 892 ΜΕ).

215 905 260 948 Si
304 919 410 949 vero
453 919 634 962 quoque
675 906 998 949 assumendum
1032 907 1260 950 videretur
1291 907 1389 949 aliis
1422 907 1643 949 characte-

71 976 195 1019 ribus
230 976 364 1019 aliam
397 977 583 1019 omnino
614 977 987 1033 significationem
1020 977 1351 1020 attribuendam
1383 992 1499 1029 esse;
1534 977 1643 1019 alios

69 1047 287 1089 nimirum
320 1061 415 1090 esse
448 1048 739 1099 characteres,
783 1049 949 1103 quibus
981 1048 1168 1091 indicari
1204 1048 1416 1092 videntur
1448 1048 1642 1090 rationes

70 1118 174 1161 vitae
222 1117 410 1161 diversae
457 1119 622 1174 (ipsum
670 1120 799 1174 quasi
847 1119 1035 1162 modum
1076 1120 1298 1175 vivendi),
1342 1120 1451 1162 alios
1489 1124 1642 1161 autem

70 1188 235 1244 quibus
281 1189 378 1245 typi
420 1189 584 1232 diversi
623 1189 930 1245 designantur,
965 1195 1008 1233 et
1040 1205 1236 1246 quorum
1269 1190 1414 1233 modis
1446 1190 1641 1233 invicem

70 1260 172 1315 plus
215 1260 366 1303 minus
408 1260 595 1304 diversis
627 1261 745 1303 hanc
778 1275 907 1303 suam
941 1261 1081 1304 vitam
1113 1261 1433 1317 peragentibus
1466 1261 1643 1303 Genera

69 1331 404 1374 constituuntur
451 1331 656 1387 ejusdem
700 1332 883 1374 familiae
927 1333 1122 1383 diversa;
1155 1333 1332 1375 facilius
1366 1346 1546 1388 quoque
1578 1332 1640 1373 in-

68 1401 361 1458 telligendum
404 1407 613 1458 putarem
656 1403 900 1446 affinitates
945 1403 1107 1446 horum
1151 1404 1380 1446 Generum
1413 1417 1535 1445 nunc
1568 1402 1641 1445 ob-

213 1578 246 1622 *)
271 1579 347 1614 Ofr.
383 1591 466 1623 quae
504 1581 575 1614 hoc
613 1581 695 1615 loco
731 1581 830 1615 infra
856 1570 971 1615 attuli
997 1582 1044 1615 de
1071 1582 1276 1625 Speciebus
1306 1580 1528 1616 Gracilarioe
1554 1581 1639 1615 scri-

67 1639 173 1680 bens,
213 1639 260 1672 de
299 1639 581 1682 Significatione
618 1640 769 1675 diversa
804 1641 1074 1683 characterum,
1102 1652 1263 1684 quorum
1293 1641 1377 1675 aliis
1404 1641 1562 1674 modum
1589 1639 1639 1674 vi-

67 1698 182 1733 vendi
210 1697 405 1741 proprium
430 1698 611 1741 indicant,
639 1699 722 1733 aliis
749 1710 838 1734 vero
865 1700 1071 1734 affinitates
1097 1700 1390 1734 illustrantibus.

213 1756 270 1799 aa)
295 1757 387 1798 Quae
413 1760 495 1791 tum
521 1758 568 1792 de
594 1758 869 1801 Coelebogyne‚
896 1762 979 1793 tum
1005 1759 1052 1793 de
1077 1760 1188 1794 devio
1214 1771 1326 1794 cursu
1345 1770 1419 1802 quo
1438 1759 1640 1793 foecunda⁸

66 1815 210 1850 tionem
249 1816 379 1860 perfici
416 1817 456 1850 in
494 1817 650 1851 familiis
689 1818 919 1860 quibusdam
957 1819 1218 1861 observarunt,
1258 1819 1418 1862 aliisque
1450 1818 1639 1862 ejusmodi

66 1875 410 1917 observationibus,
447 1876 485 1910 id
520 1877 634 1910 hodie
660 1877 700 1910 in
726 1877 936 1920 quaestione
963 1878 1009 1911 de
1035 1878 1281 1921 systematica
1306 1877 1557 1921 dispositione
1584 1880 1638 1911 tu-

65 1934 142 1968 tius
170 1935 381 1969 omittenda
406 1935 598 1976 videntur;
626 1936 658 1970 si
685 1947 835 1979 quoque
862 1937 978 1972 verba
1003 1938 1176 1980 quaedam
1195 1948 1217 1971 a
1241 1937 1379 1972 Davies
1406 1937 1508 1971 dicta
1535 1935 1637 1979 (Bot.

69 1991 159 2028 Gaz.
180 2005 219 2037 p.
247 1994 334 2038 515)
361 1995 443 2029 haec
468 1998 685 2038 spectarent
697 2008 703 2029 ε
740 1996 838 2030 »The
864 1999 965 2030 most
990 1996 1152 2040 striking
1178 1998 1343 2031 features
1370 1997 1411 2030 of
1436 1996 1638 2031 Oltmanns

66 2052 343 2087 contributione
381 2054 413 2087 is
451 2055 517 2088 the
554 2065 714 2089 manner
750 2055 791 2089 in
826 2055 953 2090 Which
985 2057 1034 2090 he
1060 2057 1128 2090 has
1155 2067 1290 2099 swung
1315 2067 1421 2100 away
1448 2057 1545 2090 from
1572 2056 1638 2089 the
1650 2076 1652 2078 -

66 2112 240 2155 complex
279 2113 354 2146 and
391 2114 607 2158 frequently
645 2114 804 2149 obscure
839 2115 1051 2158 theorizing
1075 2117 1116 2150 of
1141 2116 1307 2150 Schmitz
1333 2115 1408 2149 and
1435 2114 1638 2158 presented

66 2180 116 2204 an
153 2171 399 2214 explanation
437 2173 733 2217 comparatively
771 2174 908 2217 simple
943 2174 983 2208 in
1018 2175 1084 2208 the
1110 2175 1294 2209 demands
1321 2175 1351 2208 it
1376 2175 1506 2208 makes
1534 2184 1650 2217 upon*

65 2230 131 2263 the
157 2231 253 2264 facts
280 2231 356 2265 and
387 2232 620 2282 perse-ctly
652 2233 698 2266 in
729 2233 893 2267 accord
919 2234 1031 2268 with
1057 2234 1134 2267 the
1160 2234 1296 2268 stand
1323 2234 1423 2267 that
1448 2233 1637 2276 biology

64 2289 198 2323 takes
234 2300 280 2323 as
316 2293 361 2324 to
399 2291 444 2324 th
456 2301 476 2325 e
511 2292 738 2326 essential
770 2293 1040 2327 conditione
1068 2294 1153 2327 and
1180 2292 1563 2327 characteristics
1592 2291 1638 2325 of

65 2348 143 2382 the
181 2349 342 2382 sexual
380 2352 463 2384 act.
512 2351 571 2384 To
610 2351 878 2394 appreciate
916 2352 1188 2394 thoroughli
1224 2352 1467 2386 Oltmanns
1495 2351 1643 2385 views¹

64 2405 102 2440 it
140 2406 177 2440 is
216 2417 463 2452 necessary
502 2409 603 2443 that
640 2420 724 2444 one
761 2410 930 2444 should
967 2411 1098 2444 know
1133 2411 1210 2444 the
1236 2411 1564 2454 peculiarities
1591 2410 1637 2444 ot*

65 2466 144 2499 the
181 2466 344 2510 theory
382 2467 429 2501 of
466 2467 668 2502 Schmitz
708 2469 794 2503 and
829 2469 1032 2503 wherein
1058 2470 1167 2513 they
1193 2470 1418 2513 departed
1444 2480 1491 2503 so
1519 2469 1635 2503 radi-

65 2524 187 2568 cally
225 2525 341 2559 from
379 2526 559 2560 certain
597 2528 783 2570 general
822 2528 1123 2563 conclusions
1162 2529 1208 2563 of
1245 2528 1432 2573 bioloqieal
1465 2528 1632 2563 science.»

64 2584 197 2627 Ipsum
236 2595 326 2619 vero
365 2584 565 2620 Oltmanns
604 2586 748 2621 dixisse
786 2590 960 2630 putarem
969 2615 979 2629 ,
1017 2588 1284 2631 congruentias
1323 2588 1507 2631 quasdam
1546 2588 1649 2622 vitae--

64 2643 285 2678 nullomodo
323 2643 490 2678 indicare
528 2644 735 2679 affinitates
773 2649 893 2680 certas
904 2659 910 2685 ;
945 2646 1037 2689 quin
1063 2647 1180 2681 immo
1206 2657 1294 2681 eum
1320 2647 1464 2681 dixisse
1490 2646 1641 2681 nemini

63 2702 334 2737 Botanicorum
372 2703 413 2737 in
450 2707 618 2738 mentem
650 2705 802 2739 venisse
834 2708 1000 2740 statuere
1032 2706 1238 2750 Bryoideas
1265 2717 1287 2740 a
1312 2706 1495 2740 Florideis
1522 2706 1635 2740 dedu-

65 2761 204 2796 cendas
238 2772 337 2803 esse;
371 2773 441 2797 nec
474 2763 627 2797 easdem
653 2774 743 2799 vera
768 2765 956 2799 affinitate
982 2765 1205 2809 conjunctas
1216 2765 1526 2812 considerandas
1554 2766 1650 2800 fore>>

67 2818 113 2861 (l.
140 2830 169 2855 c.
188 2831 228 2864 p.
256 2822 356 2866 135).
