1779 3068
726 103 1036 146 DASYPHLEAE.
1582 108 1661 149 107

99 218 341 261 Genericos
388 218 599 270 diversos,
650 233 762 274 quos
810 234 990 275 quoque
1039 220 1094 262 ad
1136 222 1244 263 alias
1282 223 1485 277 regiones
1520 224 1662 279 Syste-

99 289 232 332 matis
264 289 522 332 referendos
555 290 736 340 credidi,
772 305 1050 346 quamquam
1076 296 1315 347 utramque
1339 293 1542 348 Speciem
1565 308 1663 337 con-

98 374 258 416 gruere
291 360 395 402 setis
427 360 522 402 istis
545 366 670 402 extra
693 362 973 416 superficiem
999 362 1172 405 frondis
1196 364 1474 418 prominulis,
1500 366 1666 420 quibus

99 435 142 473 et
173 431 477 473 characterem
510 437 553 473 et
575 446 741 474 nomen
766 432 954 474 Generis
977 433 1221 475 fundatum
1245 434 1386 477 voluit
1409 436 1664 491 Montagne.

241 502 508 545 Revenienti
543 502 653 543 mihi
685 502 818 544 hodie
851 503 908 544 ad
941 504 1174 558 opiniones
1207 505 1313 546 olim
1337 521 1361 548 a
1385 521 1455 548 1116
1478 507 1666 562 aliisque

98 573 153 615 de
186 577 410 615 structura
442 577 485 615 et
516 573 734 615 affinitate
767 574 929 615 harum
962 575 1218 629 plantarum
1250 578 1488 631 professas,
1514 579 1666 620 memi-

96 644 218 686 nisse
262 644 408 699 placet
449 643 772 699 Montagneum
806 649 849 686 et
880 645 1132 687 habituales
1165 653 1293 688 notas
1326 653 1368 689 et
1401 662 1497 689 eam
1533 653 1666 691 struc-

97 719 245 757 turam
279 715 454 757 frondis
487 729 568 757 suo
602 715 766 757 Generi
799 715 1068 765 attribuisse,
1094 731 1230 771 quam
1254 719 1538 773 potissimum
1562 734 1667 762 611111

98 785 273 828 Genere
305 786 644 842 Chrysymeniae
676 786 920 828 affinitates
954 787 1140 842 prodere
1174 789 1328 843 putavi
1372 790 1435 841 (J.
1472 791 1552 844 Ay.
1591 791 1664 843 Sp.

98 858 196 911 Azy.
232 858 319 900 Vol.
355 858 421 900 II.
448 873 494 911 10-
531 859 654 912 215).
710 857 975 913 Harveyum
1010 872 1114 900 vero
1147 859 1194 900 111
1228 874 1309 901 sua
1341 859 1495 915 planta
1522 861 1667 903 obser-

98 942 227 971 vasse
260 932 528 970 structuram
563 943 745 984 prorsus
779 929 927 980 aliam,
962 943 1100 984 quam
1134 930 1261 971 icone
1292 930 1397 971 data
1420 931 1668 973 admodum

97 999 389 1055 conspicuam
436 1000 674 1061 protulisse
723 1014 903 1055 quoque
951 1004 1091 1055 patet;
1146 1001 1262 1042 hanc
1295 1015 1400 1043 vero
1435 1006 1668 1044 structurae

100 1070 423 1122 differentiam,
474 1085 529 1113 ne
578 1071 713 1114 verbo
762 1071 947 1127 quidem
996 1071 1254 1121 indicatam,
1308 1072 1435 1114 siccis
1483 1073 1669 1115 omnino

98 1141 291 1197 pedibus
338 1143 547 1185 transivit
596 1142 802 1198 Harvey3
846 1143 930 1185 hac
962 1147 1113 1184 tamen
1147 1142 1339 1185 ducente
1373 1148 1596 1185 structura
1628 1149 1670 1186 et

98 1213 322 1268 praecipue
363 1213 579 1256 suadente
622 1214 771 1256 indole
813 1215 1196 1269 cystocarpiorum
1240 1229 1310 1256 me
1353 1215 1670 1268 Nz'aeoplzloeam

99 1309 157 1314 —
190 1285 321 1339 quale
363 1284 448 1326 hoc
489 1285 642 1327 Genus
674 1285 1018 1341 intelligendum
1052 1286 1207 1341 putavi
1241 1311 1297 1316 ——
1332 1286 1669 1328 Dumontiaceis

98 1355 315 1406 retulisse,
363 1356 408 1397 id
458 1356 730 1407 meminisse,
774 1371 855 1399 nec
898 1357 1030 1398 hodie
1064 1357 1196 1412 piget.
1265 1356 1525 1411 Harveyun]
1562 1371 1668 1399 vero

100 1440 228 1468 suam
278 1426 478 1482 plantam
529 1428 611 1470 sub
661 1429 843 1470 nomine
886 1428 1073 1470 Generis
1107 1428 1366 1482 Montagnei
1399 1427 1456 1469 ad
1489 1427 1668 1482 Rhody-

100 1497 352 1540 meniaceas
401 1498 616 1550 retulisse,
667 1513 947 1555 quamquam
996 1514 1050 1541 ex
1099 1499 1238 1541 altera
1280 1504 1404 1553 parte
1438 1499 1483 1539 in
1517 1498 1667 1541 adver-

100 1569 228 1611 sariis
261 1569 317 1610 ad
350 1570 525 1612 iconem
559 1570 615 1612 ab
649 1584 700 1612 eo
734 1570 886 1612 datam
933 1571 1086 1611 Genus
1122 1569 1388 1625 Dasyphleae
1422 1569 1505 1611 sibi
1539 1569 1670 1625 adpa-

102 1640 244 1682 ruisse
289 1640 344 1682 ad
387 1641 703 1683 Rhabdoniam
747 1642 965 1683 affinitate
998 1642 1256 1696 proximum
1289 1640 1498 1682 accedere
1533 1640 1668 1695 (quod

101 1710 395 1754 suadentibus
444 1713 765 1768 sphaerosporis
814 1713 1009 1754 zonatim
1058 1712 1213 1754 divisis
1257 1726 1281 1753 a
1326 1712 1568 1765 Montagne
1602 1710 1669 1752 de-

101 1782 277 1838 scriptis
325 1783 394 1838 (ab
443 1784 540 1839 ipso
588 1798 693 1826 vero
741 1784 788 1825 in
831 1798 912 1826 sua
954 1784 1110 1839 Specie
1148 1797 1239 1825 non
1273 1782 1533 1837 observatis)
1567 1796 1671 1824 eum

101 1853 324 1909 judicasse
356 1855 535 1897 facilius
569 1856 670 1910 quis
703 1855 942 1910 putaverit.

245 1924 356 1966 Mihi
404 1925 599 1981 denique
648 1927 865 1968 memoria
912 1926 1128 1981 repetenti
1173 1929 1269 1967 tum
1309 1939 1371 1974 ea,
1408 1938 1508 1980 quae
1542 1928 1583 1966 et
1618 1923 1672 1966 de

103 2000 327 2038 structura
360 1997 532 2039 frondis
565 1997 810 2040 admodum
845 1997 1021 2040 diversa
1054 1997 1323 2052 (»structura
1357 1995 1668 2050 Halymeniae»

104 2067 362 2123 Montagne)
420 2074 462 2110 et
515 2069 569 2111 de
623 2069 1037 2124 sphaerosporarum
1085 2067 1372 2123 generatione
1429 2066 1672 2121 (»verrucae

105 2139 405 2194 superficiales
448 2140 801 2195 hemisphaericae
840 2140 925 2182 filis
958 2139 1239 2181 radiantibus
1272 2138 1327 2180 ad
1364 2152 1565 2179 normani
1604 2151 1673 2178 ne-

104 2210 430 2253 matheciorum
481 2211 749 2266 paralleliter
794 2211 962 2267 junctis
1011 2210 1281 2265 compositae,
1331 2208 1497 2263 quibus
1548 2207 1674 2248 nidu-

103 2281 254 2324 lantur
300 2287 556 2338 tetrasporae
605 2283 821 2339 oblongae,
872 2283 919 2324 in
965 2285 994 2323 4
1041 2295 1195 2336 sporas
1243 2279 1427 2321 tandem
1478 2278 1670 2319 zonatiin

106 2352 306 2408 divisae»)
354 2353 467 2396 dixit
514 2354 770 2410 Montagne,
821 2359 917 2396 tum
967 2367 1021 2395 ex
1064 2353 1202 2393 alter-a
1235 2355 1359 2405 parte
1392 2349 1673 2404 comparanti

106 2425 219 2466 mihi
264 2429 535 2467 structuram
578 2426 753 2468 frondis
796 2425 980 2468 omnino
1015 2423 1253 2472 diversam,
1288 2435 1424 2475 quain
1458 2421 1503 2461 in
1538 2420 1673 2474 Dasy-

107 2496 254 2550 phlaea
287 2496 555 2539 Tasmanica
582 2497 898 2540 observaverat
922 2496 1118 2549 Harvey,
1142 2506 1370 2547 quamque
1394 2492 1673 2532 conformem

106 2581 422 2621 recognoscere
470 2568 636 2610 credidi
686 2569 733 2610 in
782 2565 1103 2623 speciminibus
1151 2578 1177 2605 a
1225 2577 1295 2604 me
1338 2561 1584 2604 observatis
1618 2575 1672 2602 ex

107 2638 237 2682 Nova
285 2639 529 2682 Hollandia
576 2640 790 2689 oriundis,
836 2638 1012 2680 facilius
1046 2633 1378 2689 conjiciendum
1413 2631 1674 2687 adparuisse

107 2710 190 2752 has
238 2710 515 2753 differentias
557 2725 648 2752 non
692 2716 867 2752 tantum
902 2708 1098 2749 indicare
1133 2704 1310 2759 Species
1344 2704 1425 2745 rite
1459 2702 1672 2751 diversas,

109 2787 159 2824 ut
206 2783 290 2824 hoc
337 2797 517 2838 quoque
563 2782 783 2837 judicavit
832 2780 1026 2833 Harvey,
1077 2775 1152 2818 sed
1202 2788 1381 2829 quoque
1434 2773 1674 2815 Genericos
