1779 3068
625 685 1086 739 Praemonenda.

216 850 490 904 Suscipienti
539 850 653 891 mihi
695 851 804 891 olim
848 851 1178 905 descriptiones
1221 857 1263 892 et
1296 854 1637 906 systematicam

66 927 423 981 ‘dispositionem
457 928 565 968 dare
596 928 930 979 Floridearum,
953 929 1112 982 quales
1137 942 1212 969 eas
1237 930 1477 983 concipere
1500 930 1639 981 valui,

71 1004 209 1045 hodie
243 1005 478 1045 monuisse
511 1005 700 1045 demum
735 1005 970 1059 opportuit
1012 1006 1197 1046 easdem
1231 1011 1329 1046 tum
1364 1007 1409 1047 in
1444 1007 1638 1048 volumi-

71 1082 209 1122 nibus
242 1081 434 1122 diversis
468 1081 675 1135 ejusdem
710 1082 875 1136 Operis
898 1107 955 1110 —
978 1083 1159 1136 Species,
1188 1084 1352 1124 Genera
1386 1087 1424 1124 et
1458 1083 1640 1125 Ordines

71 1159 285 1212 Alyarum
335 1157 617 1212 inscriptiss),
665 1172 768 1212 quae
817 1159 1079 1200 labentibus
1129 1161 1262 1200 annis
1309 1161 1482 1214 publici
1520 1161 1639 1214 juris

70 1236 218 1276 facere
251 1249 392 1276 ausus
426 1249 544 1287 sum,
578 1235 825 1289 dispositas
860 1237 1096 1286 obvenire;
1131 1242 1230 1277 tum
1262 1251 1368 1278 vero
1393 1239 1478 1278 sub
1503 1238 1639 1278 inter-

70 1313 202 1353 vallis
244 1293 507 1366 temporum
550 1318 592 1353 et
634 1314 765 1354 novis
808 1315 1025 1366 Algarum
1060 1315 1400 1368 Speciminibus
1434 1315 1639 1368 undique

71 1390 128 1430 ad
173 1403 244 1430 me
287 1390 628 1430 confluentibus
670 1394 768 1430 tum
811 1392 1113 1442 characteres,
1146 1396 1245 1431 tum
1279 1405 1449 1432 nomen
1484 1396 1639 1446 postu-

69 1466 288 1517 lantibus,
337 1479 410 1506 me
459 1468 627 1507 harum
675 1467 1006 1521 descriptiones
1055 1468 1235 1509 dedisse
1283 1469 1330 1508 in
1374 1469 1562 1522 Scriptis
1597 1473 1640 1509 et

69 1543 262 1584 diversis
284 1542 351 1597 **)
392 1548 434 1584 et
467 1544 648 1585 diverso
681 1549 887 1598 tempore
922 1546 1056 1597 natis,
1090 1546 1259 1599 quibus
1293 1559 1416 1587 nunc
1451 1551 1492 1586 et
1526 1547 1639 1586 alias

69 1620 124 1660 de
159 1621 502 1661 characteribus
537 1621 801 1674 Specierum
833 1623 1073 1676 concipere
1097 1627 1359 1676 opporteret
1382 1624 1639 1676 opiniones,

69 1701 111 1737 et
160 1697 272 1750 quin
322 1698 466 1738 immo
514 1698 570 1738 de
618 1698 841 1739 affinitate
891 1699 1119 1739 Generum
1165 1713 1289 1741 nunc
1322 1700 1516 1741 indicari
1550 1701 1639 1740 alia

69 1779 352 1827 argumenta.
419 1775 644 1815 Scribenti
690 1776 803 1816 mihi
837 1776 973 1816 hodie
1008 1789 1192 1830 quoque
1227 1790 1373 1830 pauca
1409 1778 1639 1830 quaedam,

236 1951 269 1995 ⁸³)
295 1950 442 1997 Operis
484 1951 722 1998 Species,
763 1951 966 1988 Genera
1006 1955 1054 1988 et
1087 1952 1319 1988 Ordines
1360 1953 1641 1988 Floridea-

68 2020 182 2044 rum
211 2010 401 2057 inscripti
429 2011 641 2057 adparuit:

69 2068 302 2104 Voluminis
330 2069 504 2105 secundi
528 2070 758 2114 (Florideas
786 2071 1197 2117 comprehendentis)
1224 2083 1321 2118 pars
1350 2074 1381 2107 1.
1435 2072 1536 2107 1851.

1225 2141 1322 2176 pars
1349 2132 1381 2166 2.
1435 2130 1536 2166 1852.

1224 2200 1320 2235 pars
1347 2189 1379 2225 3.
1434 2189 1536 2225 1863.

69 2244 231 2281 Volum.
257 2247 425 2282 tertium
477 2247 491 2282 I
518 2248 733 2293 (Epicrisis
762 2248 1006 2293 Systematis
1035 2249 1350 2291 Floridearum).
1405 2248 1506 2283 1876.

455 2306 491 2340 ΙΙ
517 2306 823 2353 (Morphologia
852 2307 1166 2349 Floridearum).
1220 2307 1321 2343 1880.

437 2364 492 2399 ΙΙΙ
519 2365 593 2409 (De
621 2365 896 2411 dispositione
925 2365 1303 2410 Delesseriearum).
1358 2366 1459 2401 1898.

213 2435 270 2478 ⁸¹¹²)
297 2435 341 2470 In
369 2435 479 2470 Actis
508 2435 772 2471 Universitat.
802 2436 1035 2472 Lundensis
1058 2437 1174 2473 Tom.
1195 2437 1282 2472 XXI
1303 2440 1342 2472 et
1361 2448 1450 2483 squ.
1472 2438 1639 2484 scripsi:

72 2491 172 2528 »Till
208 2492 402 2539 Alqernes
440 2493 693 2540 Systematilc.
746 2494 836 2541 Nya
876 2495 1051 2541 Bidray»
1093 2496 1133 2530 in
1161 2496 1315 2541 quibus
1341 2499 1495 2542 (partes
1525 2497 1575 2531 IV
1602 2500 1641 2532 et

212 2552 277 2596 VI)
311 2554 398 2588 tum
437 2553 529 2588 aliae
565 2553 760 2599 Algarum
789 2554 966 2600 Species,
994 2557 1082 2589 tum
1111 2555 1315 2590 Florideae
1344 2555 1642 2591 describuntur

214 2621 343 2647 novae.

70 2669 285 2705 »Analecta
312 2670 584 2716 Alqoloyica»,
614 2672 627 2706 Ι
656 2675 695 2707 et
725 2672 971 2708 »continuat
1003 2673 1135 2717 I-V»,
1163 2673 1203 2708 in
1229 2673 1383 2719 quibus
1405 2684 1523 2709 novae
1545 2674 1643 2720 Spe-

211 2729 294 2765 cies
323 2729 613 2766 Floridearum
643 2741 880 2766 numerosae
908 2731 1129 2777 descriptae
1157 2732 1393 2767 obveniant.
