1779 3068
759 55 856 96 CHA
866 69 1003 96 MPIAE.
1609 54 1662 94 27

97 179 144 218 et
184 175 268 216 hoc
307 173 440 216 modo
486 187 852 228 quoquoversum
886 170 1142 227 patentibus
1176 171 1318 226 magis
1352 170 1665 226 decompositis

97 243 455 301 dignoscendam
488 244 656 298 putavi.

242 527 364 569 Inter
411 525 589 581 Species
637 537 749 579 quas
791 523 837 564 in
877 524 1068 577 Epicrz'si
1101 524 1374 574 enumeravi,
1409 525 1537 579 quasi
1571 525 1666 566 Sec-

98 598 269 642 tionem
317 596 546 653 propriam
594 595 856 644 formantes,
905 594 1069 649 quibus
1112 594 1185 637 Ch.
1222 609 1493 649 compressam
1537 596 1666 650 quasi

100 669 299 726 typicam
353 666 510 723 putavi
563 679 644 708 sua
695 664 856 706 fronde
910 665 1071 706 eximie
1124 665 1428 720 complanata,
1478 665 1666 708 distiche

98 754 277 783 ramosa
324 739 569 788 distinctas,
617 737 664 778 in
713 735 878 791 quibus
927 750 1106 791 quoque
1149 737 1345 778 ramulos
1389 737 1488 790 (nisi
1525 738 1666 779 mavis

97 811 246 854 dicere
278 809 455 866 pinnas)
487 809 584 851 basi
617 821 735 863 saepe
768 807 931 848 eximie
964 806 1224 848 constrictas
1257 806 1546 849 obvenientes
1574 807 1666 848 dixi

99 908 157 913 -
189 881 298 924 alias
345 880 557 923 obvenire
605 879 788 928 formas,
837 877 884 918 in
930 877 1096 932 quibus
1144 882 1283 919 totam
1327 878 1535 920 frondem
1573 879 1667 920 fere

97 953 378 996 conformem
411 951 557 993 dicere
590 949 741 992 liceret
772 951 815 990 et
847 947 1100 990 evidentius
1132 948 1464 1003 complanatam
1498 949 1668 1003 (quales

103 1024 180 1067 Ch.
215 1022 522 1077 compressam);
556 1020 665 1063 alias
698 1024 849 1062 autem
883 1019 927 1060 in
963 1018 1127 1073 quibus
1160 1019 1343 1060 frondes
1377 1033 1568 1074 superne
1602 1024 1670 1061 sat

96 1094 341 1150 conspicue
388 1092 611 1149 pinnatim
660 1091 902 1133 subdivisae
945 1090 1223 1132 sustinentur
1265 1090 1390 1131 caule
1423 1090 1551 1145 quasi
1586 1091 1670 1145 pri-

89 1166 255 1215 ‘mario,
307 1165 354 1206 in
396 1178 486 1219 quo
525 1163 868 1218 diaphragmata
900 1161 1111 1203 interiora
1144 1160 1272 1215 quasi
1305 1160 1577 1202 obsolescere
1613 1161 1670 1203 vi-

101 1236 276 1286 dentur,
319 1236 403 1277 hoc
445 1234 578 1276 modo
612 1234 787 1276 caulem
820 1232 905 1275 sibi
937 1232 1169 1288 proprium
1203 1232 1249 1273 in
1283 1231 1502 1273 exsiccato
1536 1232 1671 1286 speci-

100 1307 222 1349 mine
270 1306 551 1348 mentientes.
615 1303 855 1361 Ejusmodi
893 1304 1064 1345 formas
1097 1303 1379 1344 nominarem
1419 1302 1671 1355 Ghampz'am

96 1378 358 1438 ceglanicmp
390 1377 528 1438 Har‘eg.
564 1377 729 1432 (forsan
762 1389 865 1417 cum
903 1374 978 1417 072.
1012 1378 1169 1417 zomata
1206 1373 1485 1427 identicam);
1536 1378 1670 1427 atque

107 1450 181 1492 Oh.
222 1448 524 1491 Tasmanieam
557 1448 694 1490 Harv.
730 1446 812 1489 sub
856 1445 1011 1487 formis
1054 1444 1241 1487 diversis
1280 1457 1459 1499 quoque
1493 1443 1672 1486 obveni-

97 1523 264 1571 entem,
311 1533 432 1561 nunc
475 1517 713 1561 latiuscula
753 1517 911 1559 fronde
943 1517 1223 1566 instructam,
1259 1530 1350 1557 var.
1386 1516 1670 1558 incrassatam

101 1605 222 1633 nunc
254 1590 470 1640 tenuiore,
504 1603 642 1645 quam
675 1603 834 1631 caveas
867 1602 923 1630 ne
957 1602 1061 1629 cum
1099 1587 1174 1630 Oh.
1203 1588 1391 1640 parvula
1428 1585 1670 1628 identicam

95 1661 337 1718 judicares.
401 1661 581 1703 Adsunt
613 1674 717 1703 vero
751 1674 931 1715 quoque
965 1659 1063 1701 aliae
1103 1659 1250 1714 plures
1285 1658 1441 1698 formae
1473 1656 1542 1698 his
1577 1670 1671 1711 pro-

99 1733 247 1784 ximae,
283 1745 385 1788 quae
418 1736 570 1774 utrum
605 1731 784 1787 Species
817 1731 907 1773 sint
939 1730 1008 1772 sui
1040 1729 1165 1785 juris,
1200 1743 1258 1770 an
1286 1729 1441 1769 formae
1467 1727 1669 1782 ejusdem

98 1804 274 1859 Speciei
307 1817 422 1859 aegre
455 1802 635 1845 dicitur:
686 1801 910 1858 ejusmodi
948 1801 1141 1843 dicerem
1181 1799 1254 1842 Oh.
1289 1800 1421 1840 Nova‘
1456 1798 1672 1840 Zelamlise

103 1876 242 1918 Harv.
286 1875 333 1916 in
375 1888 466 1930 qua
508 1874 680 1929 stipites
722 1872 916 1928 elongati
949 1877 992 1914 et
1025 1872 1200 1926 longius
1233 1869 1570 1925 simpliciusculi
1603 1882 1671 1910 su-

100 1960 239 2002 perne
286 1949 557 1988 coronantur
605 1943 956 1999 subcorymboso
999 1956 1226 1984 ramorum
1262 1940 1564 1982 conformium
1599 1938 1671 1980 ad-

99 2021 280 2073 paratu;
329 2016 377 2058 in
424 2030 513 2072 quo
560 2030 665 2058 vero
712 2015 796 2057 rite
844 2015 1100 2056 examinato
1143 2012 1255 2054 rami
1297 2024 1450 2053 revera
1490 2009 1669 2051 distichi

100 2087 394 2144 proveniunt;
445 2087 561 2129 hanc
608 2087 801 2128 formam
850 2089 946 2127 tum
994 2085 1049 2126 ab
1095 2083 1252 2125 insulis
1286 2081 1474 2122 Chatam
1509 2080 1669 2129 habui;

102 2162 200 2201 tum
242 2158 376 2201 aliam
423 2158 567 2213 inagis
601 2157 917 2210 doliehopodam
950 2170 1004 2197 ex
1037 2154 1165 2197 Nova
1198 2152 1411 2195 Zelandia
1445 2151 1553 2192 mihi
1587 2150 1670 2192 sub

101 2243 177 2271 n:o
214 2230 267 2271 10
305 2229 511 2279 missam3
562 2232 659 2270 tum
707 2227 901 2282 denique
949 2226 1095 2274 aliam,
1146 2228 1189 2266 et
1235 2227 1372 2265 totam
1422 2221 1671 2263 tenuiorem

99 2306 238 2355 atque
281 2299 425 2354 magis
467 2298 832 2353 decompositam,
876 2310 1014 2351 quam
1053 2295 1198 2351 primo
1230 2292 1396 2335 intuitu
1430 2293 1519 2334 fere
1553 2292 1671 2347 poly-

99 2369 360 2425 siphoniam
393 2369 623 2424 quandam
655 2367 853 2411 validam
887 2366 1186 2415 aemulantem,
1223 2364 1407 2405 nomine
1445 2363 1519 2405 Oh.
1554 2378 1671 2417 oppo-

99 2440 296 2496 sitifolice
328 2439 607 2494 designatam
641 2439 816 2481 vellem.

247 2510 413 2553 Praeter
445 2510 613 2551 formas
646 2513 797 2551 autem
832 2508 912 2550 has
945 2521 1113 2556 omnes,
1156 2506 1358 2561 Speciem
1393 2505 1578 2547 omnino
1612 2504 1671 2545 di-

104 2596 282 2626 versam
317 2585 502 2636 stupens
535 2580 782 2629 observavi,
817 2593 953 2634 quam
986 2579 1079 2633 jam
1112 2578 1195 2619 hoc
1229 2577 1324 2619 loco
1357 2589 1494 2631 supra
1517 2574 1672 2616 monui

104 2653 288 2695 nomine
340 2652 416 2695 Ch.
450 2651 754 2695 circumcincta}
800 2649 1093 2704 designatam,
1137 2649 1184 2689 in
1224 2661 1314 2703 qua
1345 2645 1514 2689 cellulae
1548 2646 1672 2688 corti-

101 2723 223 2766 cales
270 2723 413 2778 magis
455 2721 707 2764 rotundatae
749 2721 992 2775 cinguntur
1025 2723 1161 2761 strato
1193 2717 1445 2760 intercalari
1478 2716 1670 2773 proprio,

101 2794 368 2836 cellularum
402 2794 642 2842 minorum,
676 2806 788 2847 quas
822 2790 1107 2846 potissimum
1130 2777 1436 2844 compararem
1460 2801 1562 2830 cum
1587 2786 1673 2829 illis
