1779 3068
94 75 149 116 98
718 69 1039 111 GRAOILARIAE.

622 186 674 210 ²³*
707 187 1139 228 PURPURASCENTES
1178 186 1416 240 frondibus
1451 185 1668 228 sterilibus

709 258 902 312 anyustis
935 257 1090 311 planis
1128 261 1165 299 et
1205 258 1441 300 linearibus
1472 257 1668 310 apicibus

710 330 934 383 linyulatis
973 329 1141 379 obtusis,
1180 329 1229 371 in
1269 329 1454 382 caespites
1482 329 1668 382 ylobosos

710 402 981 456 corymbosos,
1023 401 1217 455 repetita,
1241 400 1396 442 iterum
1436 400 1668 453 iterumque

709 472 966 515 dieliotoniia
1037 472 1382 521 excrescentibus,
1453 471 1668 513 sterilibus

707 544 923 597 onaryines
943 544 1146 586 innocuos
1165 543 1420 596 yerentibus,
1453 542 1669 595 fertilibus

709 615 758 657 in
799 614 1107 668 appendioulas
1143 615 1246 667 plus
1286 614 1428 656 minus
1467 613 1668 667 dentifor-

709 701 793 729 mes
824 690 865 728 et
894 686 1034 740 mayis
1066 685 1322 728 verticaliter
1351 688 1545 728 exeuntes
1569 698 1668 738 pro-

701 758 970 812 perantibus.

92 859 163 900 59.
234 857 318 898 GR.
354 868 718 897 PURPURASOENS
752 854 892 896 Harv.
915 851 968 908 ²¹³).

92 989 220 1032 habui,
260 989 518 1031 fragmentum
557 997 618 1020 me
656 985 799 1021 vidisse
837 985 979 1028 plantae
1018 984 1223 1018 admodum
1262 985 1423 1018 vetustae
1457 985 1494 1016 et
1520 981 1667 1015 ambitu

93 1059 210 1084 erosae
237 1051 276 1082 at
302 1047 549 1092 cystocarpiis
576 1045 717 1080 eximie
744 1045 906 1079 evolutis
926 1054 1042 1087 supra
1060 1044 1217 1087 paginas
1237 1043 1391 1086 globose
1410 1041 1669 1076 eminentibus

92 1108 267 1153 plurimis
305 1108 513 1148 instructae,
553 1105 648 1139 mihi
687 1105 778 1139 olim
817 1115 863 1138 ex
904 1104 958 1138 8:13
993 1102 1195 1146 Oristophe
1229 1102 1348 1136 Indiae
1375 1100 1620 1136 occidentalis
1647 1110 1670 1133 a

91 1169 217 1203 Krebs
252 1168 396 1207 missae;
431 1167 478 1200 de
513 1165 659 1199 ambitu
689 1164 836 1198 frondis
864 1150 1027 1197 nimium
1053 1173 1213 1196 corrosae
1239 1164 1382 1196 certum
1409 1160 1596 1204 judicium
1622 1159 1670 1193 de

92 1227 341 1271 congruentia
366 1227 506 1269 plantae
532 1225 674 1258 Indicae
701 1235 785 1258 cum
813 1222 1035 1256 Brasiliensi
1054 1211 1211 1256 trahere
1237 1221 1413 1264 equidem
1439 1220 1542 1254 haud
1560 1219 1669 1253 aude-

92 1299 183 1322 rem.
235 1288 285 1320 At
310 1286 457 1320 nullam
483 1284 597 1318 aliam
623 1283 760 1317 melius
788 1284 1061 1325 congruentem
1087 1281 1188 1315 novi.
1235 1282 1281 1314 In
1307 1280 1408 1314 dicto
1435 1290 1525 1314 vero
1552 1277 1669 1322 speci-

92 1348 197 1382 mine
214 1357 276 1380 me
294 1345 437 1380 vidisse
455 1346 685 1378 structuram
704 1341 931 1386 cystocarpii
950 1341 1106 1374 omnino
1126 1339 1353 1381 Gracilariae,
1369 1339 1514 1373 dixisse
1532 1339 1668 1382 placet.

235 1404 267 1448 ³²)
293 1405 385 1445 Quae
412 1404 484 1437 sub
510 1403 666 1437 nomine
695 1401 833 1436 Graeil.
850 1410 1123 1444 purpurascens
1141 1400 1231 1433 olim
1251 1410 1273 1433 a
1290 1400 1468 1442 Harveyo
1488 1397 1669 1432 distincta

92 1467 167 1501 fuit
206 1465 358 1509 Species
393 1463 478 1507 (sub
514 1474 576 1496 n:o
603 1462 648 1496 96
675 1462 775 1495 inter
800 1461 951 1504 plantas
979 1470 1026 1493 ex
1054 1459 1198 1502 Ceylon
1224 1457 1451 1501 distributa),
1479 1466 1670 1500 quamque

92 1527 176 1570 ipse
202 1525 242 1559 in
268 1523 396 1568 Epicr.
423 1523 588 1557 formam
614 1522 677 1556 Gr.
705 1520 894 1555 corticatae
922 1519 1262 1560 consideraveram,
1290 1529 1373 1552 eam
1400 1520 1533 1560 postea
1557 1527 1579 1550 a
1596 1526 1670 1549 me-

93 1589 172 1620 met
197 1585 281 1629 ipso
308 1593 458 1627 quoque
484 1584 527 1616 ut
553 1581 724 1625 Speciem
752 1580 972 1614 distinctam
1000 1578 1278 1612 consideratam
1304 1577 1425 1611 fuisse
1446 1575 1571 1620 (Bidr.
1587 1575 1669 1619 Azy.
1716 1597 1723 1605 -

94 1645 188 1690 Syst.
215 1643 285 1680 IV.
307 1655 347 1688 p.
376 1643 441 1686 63)
480 1642 595 1675 hodie
633 1641 894 1675 confitendum
933 1640 1093 1680 videtur,
1133 1641 1265 1682 utpote
1301 1638 1373 1671 hoe
1399 1637 1512 1670 modo
1539 1636 1669 1669 forsan

93 1705 244 1739 facilius
283 1703 518 1745 intelligatur
556 1701 716 1734 eandem
755 1701 890 1734 sistere
930 1699 1103 1743 Speciem
1141 1709 1239 1741 aegre
1277 1696 1559 1731 characteribus
1589 1694 1673 1728 suis

93 1764 274 1808 legitimis
301 1761 699 1797 circumscribendam.
742 1760 913 1793 Eandem
941 1759 1081 1802 saepius
1108 1758 1243 1792 sistere
1269 1757 1444 1800 caespites
1464 1754 1670 1789 admodum

93 1824 375 1867 decompositos
414 1824 452 1855 et
484 1820 730 1864 corymbosos
766 1830 836 1853 suo
870 1820 993 1853 colore
1020 1820 1319 1862 purpurascente
1346 1826 1496 1859 quoque
1522 1814 1671 1857 dignos-

94 1884 247 1926 cendOS,
287 1885 324 1916 et
356 1881 528 1925 apicibus
561 1882 846 1923 segmentorum
877 1879 962 1922 plus
990 1878 1117 1912 minus
1144 1877 1294 1912 obtusis
1318 1876 1536 1910 instructos,
1587 1874 1670 1907 Hos

93 1955 183 1979 vero
210 1944 448 1977 characteres
475 1940 561 1983 plus
589 1939 716 1973 minus
744 1939 971 1982 conspicuos
998 1938 1079 1972 fieri
1105 1940 1187 1971 tum
1213 1935 1500 1970 ramificationis
1525 1943 1670 1974 norma,

92 2004 187 2047 ipsis
214 2001 422 2045 segmentis
449 2010 551 2034 nunc
577 1999 648 2032 rite
674 1998 894 2042 patentibus
922 2009 1024 2032 nunc
1051 1997 1171 2040 magis
1198 1995 1432 2034 divaricatis;
1471 2004 1573 2027 nunc
1599 1992 1671 2026 rite

91 2062 312 2102 linearibus,
351 2071 453 2094 nunc
492 2070 644 2092 sursum
683 2058 891 2092 attenuatis
923 2068 1025 2091 nunc
1061 2067 1213 2090 sursum
1240 2055 1434 2099 paulisper
1459 2052 1670 2087 latioribus.

94 2123 131 2157 Si
170 2123 211 2156 in
249 2121 381 2165 planta
418 2119 538 2153 sterili
574 2121 612 2152 et
646 2118 767 2160 magis
794 2107 1016 2159 regulariter
1043 2116 1195 2150 evoluta
1221 2116 1419 2157 segmenta
1444 2112 1672 2156 permanent

92 2181 262 2224 linearia,
289 2181 460 2224 plantam
487 2177 677 2221 ejusmodi
704 2188 805 2211 nunc
832 2177 987 2210 nomine
1018 2174 1177 2210 Chondri
1196 2172 1439 2217 niuliipartiti
1458 2172 1490 2216 β.
1502 2168 1671 2216 foliiferi

93 2241 319 2284 inscriptam
345 2239 438 2279 vidi3
471 2237 708 2281 comparanti
734 2248 823 2272 vero
850 2236 946 2270 mihi
973 2235 1100 2279 apices
1127 2235 1244 2278 hujus
1270 2234 1410 2278 plantae
1437 2232 1605 2272 obtusos
1633 2233 1674 2264 et

94 2301 285 2344 margines
313 2299 486 2342 ejusdem
513 2297 693 2331 dentibus
726 2300 764 2330 et
789 2295 1054 2340 appendiculis
1081 2305 1103 2328 a
1127 2294 1211 2328 basi
1239 2292 1422 2327 crassiore
1449 2289 1668 2333 attenuatis,

93 2360 300 2395 admodum
339 2358 499 2392 dubium
538 2357 633 2391 mihi
669 2356 892 2400 adparuisse
925 2356 1107 2389 confiteor
1133 2364 1232 2392 anne
1258 2352 1449 2396 ejusmodi
1475 2349 1672 2394 specimen

92 2420 219 2464 potius
247 2419 294 2452 ad
321 2418 384 2452 Gr.
412 2419 751 2461 purpurascentem
778 2416 918 2449 referre
945 2416 1174 2458 opporteret.
1222 2413 1332 2446 Nunc
1358 2411 1432 2445 alia
1458 2409 1670 2453 specimina

93 2483 132 2514 at
159 2478 303 2513 sterilia
329 2477 485 2511 nomine
512 2476 575 2510 Gr.
595 2476 784 2510 corticatae
810 2475 995 2518 inscripta
1020 2473 1153 2512 habui;
1182 2482 1266 2515 quae
1284 2471 1419 2505 saltem
1439 2469 1556 2504 dubia
1574 2467 1668 2501 mihi

94 2540 362 2582 adparuerunt.
412 2537 459 2570 In
496 2536 628 2579 planta
665 2535 737 2569 rite
771 2535 934 2575 evoluta,
962 2534 1090 2577 apices
1116 2534 1401 2575 segmentorum
1427 2529 1514 2572 plus
1541 2528 1670 2561 minus

94 2599 251 2633 obtusos
279 2600 316 2631 et
342 2599 570 2640 proventum
597 2597 882 2638 segmentorum
900 2593 1126 2633 lateralium,
1145 2591 1265 2634 magis
1284 2589 1514 2625 verticaliter
1532 2597 1669 2621 exeun-

94 2658 202 2700 tium,
238 2667 307 2691 nec
341 2667 410 2690 sua
435 2657 560 2689 forma
585 2666 672 2689 cum
698 2654 827 2697 pinnis
854 2652 1049 2696 stipitatis,
1076 2662 1159 2694 quae
1185 2651 1226 2684 in
1252 2649 1388 2683 Gracil.
1417 2645 1670 2690 multipartita

94 2720 131 2750 et
170 2717 350 2750 affinibus
389 2715 598 2750 obveniant
635 2715 734 2748 bene
772 2712 1050 2755 comparandis,
1089 2711 1224 2744 sistere
1256 2710 1504 2749 characteres,
1531 2705 1674 2749 quibus

94 2776 401 2819 Rhodymeniam
440 2777 781 2818 purpurascentem
816 2771 997 2815 Harveyi‚
1024 2782 1046 2804 a
1071 2770 1205 2804 formis
1232 2762 1495 2811 multipartitis
1522 2765 1672 2808 dignos*

95 2836 253 2869 cendam
292 2835 516 2878 suspicarer.
569 2835 693 2868 Unam
731 2843 801 2866 sua
839 2832 962 2866 forma
999 2830 1146 2864 frondis
1182 2828 1302 2871 magis
1330 2826 1552 2861 Chondrum
1577 2824 1660 2858 refe
