1779 3068
88 120 170 161 132

85 237 147 291 (in
191 248 272 276 sua
313 231 526 274 inferiore
571 228 712 284 parte)
751 224 1024 268 radiantium
1058 225 1353 279 conjunctum
1386 220 1493 263 vidi.
1558 218 1657 260 Hac

85 310 310 349 structura
342 302 466 344 strati
500 298 740 355 cujusdam
772 294 1028 339 intermedii
1065 293 1389 346 Grateloupiam
1412 291 1659 345 yiyanteam

87 376 142 419 ab
191 374 289 416 aliis
338 370 582 427 Speciebus
624 367 812 411 Generis
854 367 1078 409 diversam
1111 364 1288 420 putavi;
1321 361 1431 404 folia
1464 373 1656 416 quoque,

89 460 190 503 quae
238 448 422 499 generat
469 441 676 496 oblonga,
726 452 848 480 nunc
891 437 1071 493 juniora
1108 434 1338 491 pollicaria
1369 437 1413 475 et
1444 446 1470 474 a
1502 430 1660 486 margi-

87 517 221 560 nibus
254 514 369 557 laesis
402 511 691 569 pullulantia3
739 523 860 551 nunc
894 507 1037 563 magis
1071 505 1250 549 evoluta
1284 501 1658 559 3—4-pollicaria,

88 589 135 630 in
169 585 385 642 pedicello
419 582 704 639 complanato
737 580 886 636 plano,
921 579 1061 620 lineas
1095 590 1261 633 paucas
1289 576 1376 617 lato
1399 573 1660 622 insidentia;

90 660 189 715 ipsa
236 655 391 699 foliola
438 654 621 696 demum
670 651 908 694 latitudine
950 647 1281 703 3—-4-pollicari
1331 644 1663 700 longitudinem

92 727 487 784 5—6-pollicarem
541 738 663 766 nunc
715 723 871 765 forsan
924 720 1073 763 adhuc
1118 718 1335 774 majorem
1384 715 1663 770 attingentia,

92 805 228 856 atque
251 836 255 839 Α
276 797 525 840 crassitiem
572 794 744 837 frondis
786 798 829 835 et
866 790 1165 834 substantiam
1198 802 1446 837 carnosam,
1482 786 1664 829 demum

93 884 275 927 quoque
321 868 515 911 colorem
558 866 717 908 Irideae
758 863 996 920 cujusdam
1030 862 1175 917 magis
1209 860 1509 915 sanguineum
1543 871 1667 899 mon-

91 942 294 989 strantia,
340 938 453 981 mihi
491 939 569 980 vix
602 936 904 992 Grateloupiae
938 928 1141 990 Speciem
1175 930 1422 974 indicantia
1454 929 1668 984 adparue-

94 1017 211 1056 runt.
276 1010 447 1067 Ignotis
495 1022 601 1051 vero
649 1008 835 1051 omnino
883 1004 1120 1053 fructibus,
1167 1016 1324 1045 omnes
1363 1001 1417 1043 de
1449 999 1669 1042 affinitate

96 1083 284 1127 Generis
332 1082 614 1137 conjecturas
663 1093 803 1122 vanas
850 1082 974 1134 puto,
1038 1074 1367 1130 Pachymenias
1414 1071 1670 1128 proximam

95 1155 304 1198 lubenter
336 1152 644 1205 conjecissem,
678 1151 763 1192 nisi
798 1153 987 1192 stratum
1015 1146 1126 1189 illud
1148 1144 1468 1188 intermedium
1493 1143 1671 1184 filorum

97 1223 534 1268 anastomosantium
583 1221 815 1271 adfuisset,
866 1234 955 1275 quo
1003 1222 1143 1260 totam
1189 1216 1363 1258 frondis
1397 1218 1669 1257 structuram

98 1295 318 1339 contineri
351 1298 577 1350 putarem;
611 1292 718 1333 hinc
749 1292 901 1333 forsan
936 1287 1260 1345 suspicandum
1293 1287 1492 1342 plantam
1525 1284 1669 1339 magis

102 1367 158 1410 ad
193 1366 477 1422 Gigartineas
510 1364 695 1406 demum
727 1360 1136 1418 adproximandam
1169 1373 1277 1401 esse.

246 1509 442 1550 Demum
484 1521 590 1549 vero
631 1506 716 1548 hoc
758 1506 853 1547 loco
896 1504 950 1546 de
994 1504 1150 1559 Specie
1173 1490 1394 1557 quadam,
1429 1514 1454 1541 a
1487 1499 1674 1541 Holmes

103 1580 287 1623 nomine
325 1579 571 1633 Gz'yartime
604 1577 755 1633 affinis
787 1577 926 1619 Ham).
961 1574 1188 1629 inscripta,
1221 1570 1675 1632 mentionemnfecisse

105 1652 261 1708 placet,
297 1664 433 1705 quam
469 1653 692 1691 structura
725 1647 941 1689 suadente
974 1645 1123 1701 potius
1162 1643 1450 1696 Grateloupz‘oe
1472 1641 1676 1696 Speciem

105 1724 259 1766 sistere
309 1727 529 1777 putarem,
579 1735 715 1775 quam
765 1733 868 1761 cum
918 1716 1164 1773 Gigartiuis
1206 1729 1287 1758 sua
1325 1718 1547 1757 structura
1579 1726 1677 1755 con-

106 1800 355 1850 gruentem.
420 1793 522 1835 Jam
571 1792 759 1846 Epicrz's.
804 1790 973 1833 Florid.
1015 1788 1239 1837 scribenti,
1289 1786 1343 1828 de
1392 1785 1547 1840 Specie
1595 1784 1678 1826 hoc

107 1866 291 1908 nomine
338 1865 555 1920 inscripta
602 1863 877 1918 Harveyana
920 1861 1076 1903 monui
1109 1859 1298 1902 eandem
1334 1857 1443 1900 mihi
1476 1857 1677 1911 ignotam

108 1937 267 1987 fuisse;
303 1935 493 1990 ideoque
527 1949 553 1977 a
586 1949 657 1977 ine
690 1935 805 1976 inter
836 1932 1130 1987 inquirendas
1164 1930 1352 1973 eandem
1392 1939 1679 1970 enumerasse

110 2008 279 2061 (Epion
309 2021 354 2061 p.
389 2008 514 2060 204).
580 2005 836 2060 Specimina
871 2003 982 2045 mihi
1015 2016 1041 2044 a
1073 2002 1260 2043 Holmes
1294 2001 1443 2049 missa,
1469 2004 1565 2041 tum
1600 2010 1680 2039 suo

109 2078 281 2125 habitu,
331 2082 427 2119 tum
477 2080 700 2119 structura
747 2074 976 2124 suadente,
1031 2073 1179 2128 potius
1227 2086 1330 2114 cum
1380 2067 1681 2123 Grateloupiis

112 2148 366 2198 convenire,
416 2162 553 2203 quam
603 2147 806 2203 Speciem
849 2146 1002 2188 sistere
1036 2144 1280 2199 Gigartinae
1315 2141 1515 2192 Generis,
1549 2139 1682 2182 hodie

111 2219 419 2261 confitendum
454 2218 644 2261 videtur.
