1779 3068
83 100 138 141 68
708 97 1029 139 GRACILAmAE.

366 216 544 257 Tamus
577 215 654 257 IV.
721 215 931 258 SuccosAE
975 216 1148 270 frondis
1194 217 1470 259 crassissima>
1511 217 1656 270 yelati-

508 299 620 327 nosce
666 286 803 327 ramis
848 286 1126 340 isiformibus‚
1176 287 1300 342 quasi
1339 287 1478 329 stiriis
1519 289 1657 330 obtuse

510 356 738 409 apiculatis
783 370 896 398 nunc
942 356 1016 398 iix
1056 360 1162 398 certo
1205 357 1352 398 ordine
1382 358 1653 411 prominulis‚

507 440 620 468 nunc
651 427 790 480 mayis
821 426 1182 469 subverticillatim
1203 427 1433 480 dispositis,
1453 429 1656 482 frondem

507 499 794 552 maximopere
831 498 1110 552 yelatinosam
1150 499 1426 542 exsiccatione
1463 515 1656 542 corneam

507 570 787 612 armantibus.

82 655 150 694 21.
222 652 306 694 GR.
342 651 718 693 EUCHEUMOIDES
750 653 890 694 Harv.
913 651 964 707 ἧς),

222 770 389 812 Samus
424 770 500 811 ΙΠ.
565 770 988 812 PLECTOCYSTIDEAE
1026 771 1188 826 fronde
1228 772 1652 821 nuncteretiusoula,

362 856 475 884 nuno
516 855 761 896 compressa,
796 856 909 884 nunc
950 843 1229 895 complanata,
1266 847 1458 886 contexta
1496 842 1656 885 cellulis

363 913 640 955 interioribus
685 913 1073 974 »plecto—cysticteis»
1106 939 1166 971 ¹—
1199 914 1290 956 suis
1329 928 1473 967 nempe
1511 913 1654 967 parie-

364 984 476 1026 tibus
497 984 708 1037 fleoeuosis
730 984 974 1026 obvolutivis
994 985 1170 1037 plescum
1193 985 1348 1027 anilem
1361 985 1656 1040 formantibus

364 1055 672 1105 densissimum,
716 1055 892 1098 sectione
925 1056 1106 1110 frondis
1139 1060 1227 1098 tum
1258 1056 1538 1098 transversali
1569 1061 1654 1098 tum

77 1187 252 1221 Sectione
278 1187 523 1221 transversali
550 1187 662 1227 facta,
691 1187 845 1220 cellulas
873 1187 1046 1230 ejusdem
1073 1190 1155 1220 tum
1182 1187 1327 1221 medias
1346 1190 1427 1221 tum
1447 1187 1653 1221 exteriores

77 1246 185 1280 strati
221 1246 332 1279 axilis
366 1246 794 1288 rotundato-angulatas,
831 1246 967 1279 cellula
998 1247 1156 1280 centrali
1183 1257 1318 1289 parum
1344 1257 1366 1279 a
1392 1246 1576 1289 proximis
1603 1246 1654 1279 di-

77 1315 200 1348 versa,
240 1305 315 1338 nisi
354 1305 467 1348 paulo
506 1305 693 1338 minorem
732 1305 907 1346 dicerem,
945 1308 983 1339 et
1018 1316 1150 1339 omnes
1177 1306 1246 1339 has
1274 1306 1428 1339 cellulas
1455 1305 1653 1339 interiores

77 1365 308 1398 alternantes
347 1364 496 1407 angulis
535 1364 648 1397 unius
688 1365 832 1398 cellulae
871 1364 970 1398 inter
1008 1365 1115 1398 sinus
1153 1365 1413 1408 proximarum
1440 1364 1650 1407 productis;

75 1424 343 1466 longitudinali
370 1423 578 1457 directione
604 1424 779 1457 frondem
806 1427 949 1457 sectam
976 1424 1131 1458 cellulas
1158 1424 1295 1458 offerre
1321 1423 1398 1458 vidi
1425 1426 1507 1457 tum
1530 1424 1653 1457 forma

76 1486 157 1517 tum
184 1483 435 1526 dispositione
462 1483 688 1525 conformes,
717 1486 755 1516 at
775 1483 1003 1517 diametrum
1023 1484 1339 1526 longitudinalem
1358 1483 1652 1517 transversalem

75 1554 144 1576 suo
171 1543 356 1576 diametro
384 1542 577 1585 paulisper
602 1545 848 1585 superantem
868 1562 911 1566 —
936 1545 1167 1577 structuram
1193 1543 1247 1576 ita
1273 1543 1513 1577 observatam
1539 1542 1652 1575 hodie

75 1605 135 1636 sat
160 1601 365 1645 conspicue
391 1602 721 1645 microcystideam
748 1602 923 1636 dicerem.
973 1603 1018 1635 In
1045 1603 1176 1645 planta
1202 1603 1315 1646 paulo
1343 1602 1538 1642 adultiore,
1566 1612 1651 1643 qua-

76 1661 151 1694 lem
178 1661 523 1704 specimen⁹ipsum
542 1662 815 1704 Harveyanum
834 1661 969 1695 sistere
988 1662 1152 1696 dicerem
1170 1661 1258 1705 (nisi
1276 1661 1518 1704 paucioribus
1537 1660 1652 1694 ramis

75 1719 318 1763 instructum)
343 1720 503 1754 eandem
531 1723 760 1754 structuram
787 1721 877 1755 vidi.

219 1778 253 1822 ³¹²)
278 1780 370 1813 Fide
406 1782 606 1813 structurae
642 1780 762 1823 ipsius
790 1780 936 1814 frondis
964 1780 1155 1814 interioris
1183 1780 1355 1823 Speciem
1382 1780 1650 1823 Harveyanam

73 1839 146 1872 sub
184 1839 285 1873 dicto
325 1839 480 1873 nomine
518 1839 773 1880 distributam,
813 1840 861 1873 ad
899 1839 1199 1884 Microcystideas
1237 1839 1475 1873 referendam
1506 1839 1649 1882 putavi,

75 1898 289 1932 habituales
333 1898 505 1942 ejusdem
549 1898 785 1932 differentias
835 1899 1078 1942 potissimum
1123 1910 1169 1932 ex
1212 1898 1461 1932 consistentia
1503 1898 1650 1931 frondis

73 1968 187 1999 quam
226 1957 393 1991 maxime
431 1968 590 1991 succosa
627 1961 740 1999 ortas,
781 1958 1000 2001 conjiciens.
1053 1958 1158 1991 Alias
1197 1958 1378 1991 nimirum
1412 1957 1574 2001 Species,
1603 1957 1650 1991 ad

74 2017 237 2050 eundem
276 2017 450 2050 habitum
489 2017 701 2057 tendentes,
739 2017 823 2060 ipsa
849 2018 971 2051 forma
999 2018 1221 2051 cellularum
1247 2017 1333 2060 plus
1361 2017 1488 2050 minus
1514 2017 1651 2060 plecto-

72 2076 253 2119 cystidea,
293 2076 386 2109 alios
426 2086 558 2109 versus
597 2079 709 2119 typos
746 2077 961 2111 evidentius
999 2077 1233 2117 accedentes,
1268 2077 1469 2111 observare
1495 2076 1648 2110 credidi.

72 2136 118 2168 In
148 2134 212 2169 Gr.
246 2134 537 2178 Eucheumoides,
564 2146 677 2177 quam
704 2136 876 2179 repetitis
903 2136 1050 2170 vicibus
1088 2136 1316 2176 examinavi,
1350 2135 1512 2179 parietes
1540 2135 1649 2169 cellu-

74 2194 195 2228 larum
229 2194 368 2228 eximie
401 2205 576 2228 mucosas
608 2195 810 2229 observare
837 2195 979 2229 credidi
1006 2198 1044 2229 et
1069 2206 1204 2238 aquam
1234 2195 1344 2229 avide
1370 2195 1560 2232 bibentes;
1589 2204 1649 2237 pa—

73 2253 231 2287 rietibus
270 2254 342 2287 hoc
380 2254 493 2287 modo
532 2254 712 2297 expansis
752 2255 1049 2288 endochromata
1087 2255 1308 2288 cellularum
1348 2254 1512 2288 invicem
1545 2264 1648 2296 sepa-

73 2316 204 2346 rantur
241 2313 402 2354 facilius,
442 2316 481 2346 at
519 2324 565 2347 ex
604 2314 664 2347 his
703 2318 965 2347 anastomoses
1005 2317 1189 2348 exeuntes
1226 2314 1469 2348 circumcirca
1499 2324 1546 2346 ex
1572 2323 1648 2346 una

73 2372 209 2405 cellula
235 2373 281 2405 ad
308 2372 464 2406 alteram
492 2373 692 2407 tendentes
720 2384 786 2416 per
805 2374 968 2416 parietes
989 2374 1207 2417 adpareant.
1250 2374 1339 2416 Ipsa
1356 2376 1485 2407 autem
1502 2371 1649 2406 lumina

71 2431 293 2465 cellularum
332 2435 559 2475 permanent
595 2433 775 2476 oblonga,
816 2433 942 2476 qualia
980 2433 1019 2466 in
1063 2433 1365 2476 Microcystideis
1404 2431 1648 2467 obvenientia

72 2490 248 2532 dicerem,
276 2493 313 2524 et
338 2491 487 2525 facilius
515 2503 695 2535 expansa,
723 2503 792 2526 nec
819 2493 896 2526 ullo
922 2493 1005 2526 loco
1032 2492 1173 2526 indicia
1198 2492 1277 2527 vidi
1303 2494 1513 2530 structurae,
1533 2501 1647 2533 quam

73 2550 378 2593 plectocystideis
418 2552 763 2585 characteristicam
802 2552 945 2595 putavi,
985 2551 1017 2585 si
1057 2562 1206 2594 quoque
1242 2561 1445 2594 agnoscere
1472 2552 1648 2593 opportet

74 2609 247 2642 habitum
285 2610 424 2660 plantae
464 2611 584 2644 multo
622 2611 743 2653 magis
782 2622 990 2653 congruere
1026 2622 1113 2645 cum
1145 2611 1350 2654 Speciebus
1377 2609 1572 2644 nonnullis
1599 2608 1647 2642 ad

74 2668 287 2702 Sectionem
314 2669 473 2703 Generis
501 2670 625 2711 aliam,
653 2681 675 2704 a
701 2681 761 2703 me
788 2671 927 2704 relatis.
980 2670 1206 2704 Habituales
1233 2672 1342 2704 notas
1370 2669 1506 2703 offerre
1531 2679 1645 2711 quam

74 2727 239 2761 maxime
265 2728 434 2770 insignes
462 2729 524 2763 Gr.
553 2730 858 2763 Eucheumoides
886 2733 923 2764 et
949 2729 1012 2764 Gr.
1040 2729 1302 2772 apiculiferam
1329 2739 1406 2763 non
1429 2728 1534 2772 potui
1554 2727 1646 2770 quin

73 2796 327 2827 agnrmcerem,
355 2791 392 2821 et
417 2791 544 2822 tamen
572 2789 725 2822 easdem
752 2789 799 2822 ad
825 2789 995 2823 diversas
1015 2789 1174 2823 Generis
1195 2788 1388 2823 Sec-,tiones
1407 2787 1644 2822 referrendas

74 2855 149 2877 non
176 2846 281 2887 potui
309 2846 400 2888 quin
427 2858 672 2881 assumerem.
