1779 3068
804 107 1039 155 HussnYA.
1624 108 1703 147 125

138 226 292 271 Genus
325 228 418 269 fere
453 241 580 281 aequo
611 227 710 281 jure
743 230 820 267 aut
851 225 907 266 ad
947 224 1221 266 (fhondrieas
1254 231 1331 265 aut
1363 223 1419 265 ad
1454 223 1703 266 Rbodome-

137 299 228 341 leas
253 297 547 340 referendum
584 297 820 339 videretur.

282 369 342 411 Ut
374 373 524 410 autem
558 373 664 409 sunt
695 365 1027 408 characteribus
1060 380 1115 407 ex
1143 365 1552 420 spliaerosporarum
1577 380 1704 420 genc-

139 441 310 482 ratione
372 439 540 493 petitis,
596 437 760 492 quibus
821 436 1104 490 potissimum
1158 435 1485 489 dignoscendas
1537 436 1704 478 credidi

138 510 493 553 Chondriearum
528 514 571 550 et
602 507 1011 549 Rhodomelearum
1047 505 1243 555 Genera;
1292 507 1351 547 ita
1384 506 1704 561 sphaerosporis

137 581 242 623 novi
292 580 479 622 Generis
527 578 862 621 evidentissime
912 577 1267 618 demonstratum
1316 577 1469 631 putavi
1504 577 1611 618 illud
1647 577 1703 618 ad

138 651 413 694 Chondrieas
446 649 735 691 referendum
770 662 877 697 esse,
913 652 1066 702 utpote
1100 648 1145 688 in
1180 648 1263 688 hac
1296 647 1587 701 dispositione
1612 649 1705 688 nul-

137 724 224 765 lan]
260 722 445 764 omnino
478 720 755 762 tendentiam
789 718 844 760 ad
879 732 931 760 ea
963 732 1131 772 organa
1173 717 1578 759 Rhodomelearum
1614 718 1705 759 vidi

136 809 236 849 quae
284 793 362 835 ubi
410 806 546 847 quam
597 791 793 832 maxime
842 790 1021 832 evoluta
1069 789 1151 830 sub
1200 789 1344 830 forma
1391 788 1700 830 stichidiorum

136 865 292 907 adesse
325 868 511 906 constat.
566 862 619 903 In
652 863 853 916 Husseya
886 860 1102 901 nimirum
1132 859 1294 901 ramuli
1319 859 1704 914 sphaerosporiferi

138 936 266 992 quasi
316 934 483 989 proprii
531 933 805 988 proveniunt
852 931 1055 973 laterales
1094 935 1136 972 et
1169 930 1339 980 breves,
1374 944 1494 971 nunc
1527 930 1705 984 singuli,

140 1021 261 1049 nunc
310 1019 453 1061 pauca
497 1004 762 1046 fasciculum
800 1003 1028 1045 lateralem
1063 1003 1307 1043 formantes
1340 1001 1386 1042 in
1419 1001 1556 1043 ramis
1590 1001 1707 1042 fron-

138 1078 262 1119 dium
297 1076 515 1131 elongatis
548 1101 605 1105 —
637 1075 699 1117 ita
731 1089 811 1117 sua
845 1074 1136 1129 dispositione
1169 1072 1551 1127 cystocarpiorum
1578 1072 1704 1113 fasci-

136 1149 258 1191 culos
309 1147 509 1189 laterales
556 1147 820 1196 referentes3
871 1150 916 1187 at
963 1146 1006 1186 hi
1054 1144 1217 1186 ramuli
1258 1142 1627 1185 obovato-clavati
1663 1147 1705 1183 et

137 1219 336 1269 torulosi‚
386 1223 428 1260 et
475 1219 521 1259 in
570 1217 639 1259 his
686 1218 842 1259 torulis
890 1242 947 1246 —
996 1216 1218 1271 praecipue
1266 1214 1434 1256 cellulis
1483 1214 1706 1268 angulatis

138 1292 292 1333 cinctae
328 1316 383 1320 —-
417 1290 735 1345 sphaerosporae
783 1293 1057 1343 generantur
1100 1287 1334 1333 immersae,
1370 1290 1413 1327 et
1444 1285 1519 1326 vix
1552 1284 1707 1326 ordine

138 1361 336 1416 quodam
372 1361 614 1415 conspicuo
648 1360 887 1414 dispositae.

281 1431 623 1473 Characteribus
658 1431 726 1472 his
760 1430 946 1472 Generis
981 1429 1084 1470 novi
1119 1428 1307 1482 cognitis
1330 1442 1421 1468 non
1448 1427 1571 1482 potui
1595 1426 1705 1481 quin

138 1503 292 1545 Genus
325 1517 496 1544 novum
530 1507 573 1544 et
605 1501 869 1543 Chondrieis
903 1501 1158 1556 proximum
1194 1507 1237 1540 et
1270 1503 1318 1540 ut
1341 1503 1543 1553 putarem
1569 1497 1705 1538 totius

137 1574 321 1616 familiae
356 1588 618 1628 supremum
653 1573 997 1615 considerarem.
1053 1571 1138 1613 His
1171 1584 1276 1612 vero
1309 1569 1576 1611 ducentibus
1607 1568 1707 1609 cha-

136 1645 383 1687 racteribus
431 1658 612 1699 quoque
650 1643 972 1699 inquirendum
1016 1647 1193 1691 restare,
1234 1655 1351 1683 anne
1393 1639 1706 1693 Chondriopsi-

140 1717 230 1763 des,
276 1729 388 1770 quas
429 1715 535 1756 olim
581 1713 896 1756 Rhodomeleis
933 1713 1157 1768 proximas
1189 1711 1403 1766 judicavi,
1437 1724 1617 1765 quoque
1650 1708 1704 1749 ad

141 1784 418 1827 Chondrieas
450 1784 724 1826 revocandas
758 1798 864 1832 esse,
900 1782 1224 1825 assumendum
1258 1780 1496 1823 videretur.

281 1857 458 1898 Novum
510 1856 594 1897 hoc
643 1855 799 1897 Genus
847 1860 942 1896 tum
993 1868 1074 1896 sua
1121 1858 1343 1894 structura
1388 1852 1574 1898 frondis,
1610 1856 1705 1892 tum

141 1926 473 1969 characteribus
506 1941 531 1968 a
564 1926 834 1967 formatione
882 1931 925 1966 et
973 1924 1264 1979 dispositione
1313 1923 1506 1979 partium
1558 1923 1707 1964 fructi-

139 1998 359 2040 ficationis
407 1997 610 2039 deductis
658 1996 941 2046 describenti,
993 1995 1102 2036 mihi
1150 1994 1297 2036 adhuc
1340 2006 1494 2049 paucae
1538 1993 1590 2034 de
1626 1993 1707 2034 boc

138 2068 540 2111 animadvertenda
573 2067 894 2123 adparuerunt.

284 2138 443 2188 Quoad
499 2140 642 2194 ipsam
697 2144 967 2181 structuram
1023 2138 1210 2179 Generis
1259 2137 1516 2179 meminisse
1565 2135 1709 2190 placet

139 2211 257 2253 hanc
305 2211 351 2251 in
396 2210 478 2252 hoc
521 2210 694 2252 Genere
736 2214 990 2252 contextam
1026 2209 1119 2251 fieri
1153 2208 1323 2250 cellulis
1356 2208 1483 2262 quasi
1518 2207 1708 2261 duplicis

141 2281 331 2338 generis,
379 2281 477 2323 aliis
519 2282 648 2337 quasi
693 2281 1029 2337 principalibus,
1065 2280 1162 2322 aliis
1194 2278 1544 2330 intercalaribus,
1579 2279 1708 2332 quasi

139 2353 197 2395 ad
240 2353 431 2408 majores
474 2353 770 2395 continendas
812 2357 862 2395 ut
894 2352 1120 2395 videretur
1152 2352 1406 2407 aptissimis.
1472 2350 1706 2405 Ejusmodi

142 2429 411 2467 structuram
461 2425 507 2465 in
556 2425 760 2480 pluribus
808 2425 906 2466 aliis
956 2423 1261 2465 Floridearum
1310 2422 1448 2477 Typis
1496 2422 1708 2464 obvenire

141 2495 274 2537 hodie
321 2500 507 2545 constat,
557 2502 693 2550 atque
742 2495 921 2550 qualem
972 2496 1086 2536 hanc
1135 2495 1178 2534 in
1227 2493 1347 2534 haud
1389 2493 1541 2547 paucis
1575 2492 1707 2533 hodie

141 2566 252 2607 mihi
301 2566 526 2620 cognitam
574 2567 731 2613 habeo,
782 2565 967 2608 eandem
1019 2565 1267 2619 suspicarer
1315 2565 1463 2618 potius
1510 2562 1708 2605 indicare

141 2637 530 2694 complicationem
563 2638 793 2693 quandam
817 2642 1049 2679 structum
1074 2636 1157 2676 sibi
1182 2635 1422 2690 propriam,
1448 2635 1492 2675 in
1518 2635 1707 2687 singulis

141 2706 281 2762 Typis
329 2706 790 2754 animadvertendam,
843 2708 990 2762 potius
1033 2722 1167 2761 quam
1208 2707 1441 2748 affinitatis
1474 2706 1705 2754 indicium,

143 2791 233 2833 qua
275 2776 464 2818 ducente
509 2777 685 2819 Genera
717 2778 803 2818 alia
836 2778 896 2818 ita
929 2777 1221 2831 congruentia
1253 2776 1444 2817 invicem
1489 2777 1709 2818 affinitate

141 2848 296 2902 juncta
346 2846 616 2889 viderentur.
683 2848 739 2889 Et
785 2848 866 2889 hoc
910 2847 1091 2901 quidem
1128 2861 1178 2888 eo
1212 2847 1463 2888 evidentius
1497 2848 1579 2888 hoc
1613 2848 1708 2889 loco
