1779 3068
738 60 1059 104 GRAcmARIAE.
1624 68 1677 109 97

428 180 577 234 †††††
608 178 895 220 Pineum:
935 179 1096 234 fronde
1142 181 1292 223 latiore
1338 184 1606 235 complanata
1644 189 1682 227 et

605 251 938 299 membranacea,
972 251 1283 303 ramiftcate'one
1312 258 1512 306 patenter
1542 255 1680 299 dicho-

606 327 717 364 toma
749 321 918 363 iteratis
949 322 1113 364 vicibus
1143 323 1433 377 decomposita,
1460 341 1571 368 nune
1597 341 1680 381 sey-

603 393 756 435 mentz's
780 392 1071 445 superioribus
1093 394 1231 446 mayz's
1254 396 1570 447 adprooeimatis
1590 401 1680 441 sub-

596 464 836 519 flabellata,
867 463 1052 506 erennlz's
1073 464 1254 507 minutis
1275 466 1469 518 Ziyulisve
1491 474 1681 511 cnneato-

605 535 843 578 linearibus
889 548 917 578 a
962 535 1158 595 maryz'ne
1209 537 1454 579 exeuntibus
1505 538 1682 592 insuper

597 606 848 662 patayiata,
890 607 1053 648 demum
1097 621 1205 660 soepe
1237 607 1423 661 caespites
1455 609 1681 653 admodum

608 677 902 731 deeompositos
923 677 1155 732 formante.

252 777 501 832 Sequentes
555 773 733 829 Species
786 772 890 815 huic
944 772 1072 814 seriei
1130 772 1264 815 hodie
1316 773 1681 818 adnumerandas

112 854 336 905 putarem:

667 915 689 939 '³‘
726 916 998 958 UNDULATAE
1037 916 1199 971 fronde
1244 918 1576 967 membranacea,
1621 932 1680 960 eo-

723 988 824 1030 stoli
870 987 1040 1042 regione
1087 988 1368 1040 complanata,
1411 988 1680 1042 maryinz'bus

722 1059 955 1109 nndulatis5
980 1059 1490 1114 subflabellatofflalmata,
1515 1064 1590 1101 aut
1617 1060 1679 1102 in-

714 1132 844 1186 ferne
875 1131 1013 1185 mayis
1044 1131 1123 1172 rite
1154 1130 1399 1181 dichotome,
1435 1130 1572 1172 crenis
1598 1145 1679 1173 ere-

723 1203 888 1244 nnlisve
948 1202 1109 1244 demum
1167 1201 1468 1243 undzdationes
1525 1202 1679 1255 maryt-

722 1273 935 1324 nantibus,
970 1273 1174 1327 frondem
1207 1273 1310 1325 plus
1347 1273 1489 1314 minus
1527 1276 1681 1315 tortam

725 1348 762 1386 et
822 1345 1082 1397 adparenter
1143 1343 1440 1397 z'rreyulariter
1496 1343 1682 1386 divisam

725 1416 1038 1458 sustinentibus.

110 1514 180 1556 58.
253 1512 337 1554 GR.
374 1526 562 1553 ORNATA
595 1511 768 1553 Areseh.
791 1509 842 1566 ss).

254 1631 287 1674 ³¹)
313 1631 484 1675 Speciem
523 1631 595 1665 sub
633 1630 788 1664 nomine
829 1629 894 1664 Gr.
921 1631 1060 1664 ornatae
1093 1629 1317 1672 J'amdudum
1345 1629 1392 1662 ab
1419 1627 1679 1670 Areschougio

108 1691 339 1735 descriptam
377 1693 459 1724 tum
497 1690 621 1724 colore
659 1690 766 1732 quasi
805 1689 999 1733 paulisper
1044 1690 1292 1729 fuscescente,
1331 1691 1413 1721 tum
1451 1698 1521 1721 sua
1558 1687 1680 1720 forma

107 1751 255 1785 frondis
282 1751 330 1784 ad
359 1748 656 1792 Ohondrymenioe
683 1749 853 1792 Speciem
881 1759 903 1782 a
929 1748 1156 1782 Zanardinio
1183 1747 1374 1790 depictam
1400 1745 1679 1789 quodammodo

110 1810 288 1845 accedere
313 1810 444 1843 forsan
469 1808 619 1842 facilius
646 1809 742 1852 quis,
770 1808 903 1842 habitu
930 1808 1102 1849 ducente,
1122 1806 1323 1850 putaverit.
1363 1805 1681 1849 Chondrymeniae

108 1872 238 1904 autem
263 1871 493 1903 structuram
518 1868 630 1911 longe
656 1868 769 1901 aliam
796 1868 977 1901 statuisse
1004 1866 1219 1908 Zanardini,
1246 1875 1396 1908 quoque
1422 1867 1582 1899 constat,
1623 1865 1679 1897 Ex

108 1929 227 1963 altera
264 1931 371 1971 parte
407 1927 676 1970 congruentias
712 1927 927 1961 habituales
965 1937 1049 1960 cum
1086 1926 1216 1969 planta
1242 1925 1406 1968 Capensi
1432 1924 1586 1958 nomine
1612 1922 1682 1956 De-

108 1988 187 2023 less.
214 1987 366 2022 Beckeri
392 1990 430 2021 et
459 1986 579 2030 Tyloti
604 1986 757 2021 Beckeri
782 1986 948 2030 primum
975 1985 1189 2026 distributa,
1217 1995 1331 2027 quam
1358 1994 1446 2018 vero
1473 1984 1555 2026 ipse
1582 1992 1680 2016 novo

110 2047 250 2082 Generi
275 2047 537 2091 Tyleiophorae
562 2046 729 2090 typicam
757 2046 887 2089 putavi
916 2045 976 2089 (J.
1002 2045 1069 2089 Ay.
1097 2044 1205 2079 Bidr.
1232 2043 1313 2088 Azy.
1342 2043 1437 2088 Syst.
1464 2041 1525 2076 VI.
1544 2041 1680 2085 1236),

109 2108 272 2142 eandem
297 2109 358 2140 sat
382 2107 608 2150 conspicuas
635 2106 794 2149 prodere
812 2106 915 2139 haud
933 2115 1122 2148 negarem.
1165 2105 1263 2137 Dum
1284 2113 1372 2137 vero
1391 2102 1545 2136 cellulas
1565 2101 1680 2143 hujus

109 2167 310 2201 interiores
336 2177 405 2200 sua
430 2167 554 2200 forma
579 2166 700 2208 magis
726 2165 1124 2208 rotundato-angulata
1150 2162 1473 2205 recognoscendas
1495 2163 1680 2204 putarem,

109 2226 266 2261 cellulas
305 2225 414 2259 Grac.
439 2228 583 2260 ornatae
622 2225 832 2267 interiores,
872 2225 1040 2259 sectione
1079 2222 1321 2257 transversali
1357 2221 1575 2254 observatas
1603 2218 1680 2252 vidi

110 2296 183 2320 sua
220 2285 428 2319 directione
466 2285 657 2328 margines
696 2296 830 2319 versus
870 2284 1016 2319 frondis
1055 2283 1258 2326 conspicue
1294 2281 1499 2322 elongatas,
1526 2278 1680 2311 intimas

109 2345 182 2379 rite
207 2345 516 2388 platycystideas,
542 2344 731 2388 triplicem
758 2347 824 2378 aut
849 2343 1134 2387 quadruplicem
1171 2341 1307 2375 seriem
1334 2340 1553 2379 formantes,
1581 2339 1680 2370 exte-

109 2404 274 2438 rioribus
311 2404 561 2447 brevioribus,
601 2407 639 2438 et
676 2404 830 2438 extimis
866 2403 1107 2437 corticalibus
1143 2401 1195 2434 ita
1221 2399 1399 2433 brevibus
1427 2400 1469 2431 ut
1495 2399 1582 2430 ante
1608 2395 1681 2429 sin-

111 2463 218 2510 gulas
261 2463 460 2498 interiores
502 2464 630 2507 plures
673 2464 790 2497 series
830 2463 1061 2497 exteriorum
1101 2459 1333 2503 antepositas
1373 2457 1548 2491 dicerem.
1605 2454 1680 2488 Ubi

110 2523 349 2557 contrahitur
385 2523 520 2557 folium
553 2524 662 2566 quasi
695 2524 734 2557 in
768 2523 953 2556 isthmum
980 2522 1078 2554 inter
1104 2520 1280 2554 foliorum
1308 2520 1434 2561 partes
1460 2515 1681 2557 dignoscere

111 2582 243 2626 putavi
279 2582 454 2616 cellulam
496 2583 635 2616 axilem
669 2583 789 2625 magis
816 2581 1069 2621 rotundatam,
1097 2582 1135 2613 at
1161 2578 1234 2612 alio
1260 2577 1373 2611 modo
1400 2575 1464 2610 vix
1491 2574 1681 2607 diversam

111 2652 136 2675 a
160 2641 240 2675 suis
267 2642 412 2676 cellulis
439 2642 636 2686 proximis,
663 2642 784 2684 magis
810 2641 850 2674 in
877 2641 1005 2674 orbem
1031 2637 1319 2680 circumpositis,
1362 2636 1417 2668 De
1436 2631 1681 2677 cystocarpiis

110 2700 212 2735 dixit
245 2701 468 2744 Areschoug
502 2702 634 2736 eadem
667 2701 848 2735 obvenire
874 2710 942 2743 per
967 2699 1113 2732 discum
1141 2707 1283 2739 sparsa,
1310 2693 1563 2736 semiglobosa
1590 2702 1681 2734 poro

113 2763 278 2804 pertusa,
306 2761 440 2795 nucleo
466 2761 621 2795 demum
647 2763 768 2794 totum
797 2757 1125 2802 sporocarparium
1154 2755 1333 2798 replente.

254 2821 395 2854 Praeter
433 2820 615 2863 plantam,
656 2819 807 2863 qualem
846 2816 1048 2859 descripsit
1087 2814 1307 2855 Areschoug
1342 2816 1379 2846 et
1411 2812 1458 2845 ab
1484 2821 1528 2844 eo
1555 2810 1682 2843 datam

1520 2882 1538 2915 7
