1779 3068
738 95 1126 137 anoooncmus.
1631 97 1712 138 129

292 212 444 268 Ipsam
476 211 698 261 frondem,
733 214 964 266 segmento
991 211 1111 253 facto
1134 212 1433 261 transversali,
1459 212 1714 256 observanti

150 284 276 334 mihi,
311 283 428 325 hanc
460 288 717 325 contextam
749 281 920 324 cellulis
952 281 1430 336 hexagono-angulatis
1468 284 1714 339 majoribus

147 354 330 397 unicam
380 353 536 396 seriem
587 352 909 401 formantibus;
959 352 1172 407 utrinque
1219 366 1324 395 vero
1369 353 1561 396 cinctam
1602 355 1715 410 ejus-

149 425 272 467 modi
305 424 475 467 cellulis
508 428 553 466 at
585 423 834 465 minoribus
867 428 913 465 at
945 422 1089 478 magis
1121 422 1385 473 rotundatis,
1418 438 1544 466 suam
1580 426 1715 466 utrin-

146 510 237 551 que
270 496 430 538 seriem
462 494 781 545 formantibus;
816 498 942 536 extra
974 493 1056 535 has
1089 497 1277 535 stratum
1312 494 1517 536 corticale
1545 495 1714 538 cellulis

149 566 400 609 minoribus
448 566 633 622 (intimis
678 566 812 621 paulo
852 564 1113 621 majoribus,
1161 564 1339 606 extimis
1377 565 1422 606 in
1458 565 1530 607 fila
1563 566 1716 609 brevia

145 638 374 680 corticalia
405 636 713 692 radiantibus).

292 708 663 751 Animadvertere
695 707 898 763 plantam
930 711 1071 749 totam
1104 706 1188 749 sub
1221 707 1304 748 hoc
1338 706 1481 768 stadio
1509 707 1619 749 mihi
1643 708 1716 749 ad-

145 779 351 836 paruisse
396 778 644 821 admodum
692 778 1000 834 gelatinosam,
1050 778 1112 820 ita
1154 782 1204 819 ut
1245 778 1292 819 in
1325 777 1516 820 dissecta
1547 779 1712 833 planta,

145 849 349 906 singulas
382 854 530 904 partes
563 854 631 892 sat
663 849 896 891 distinctas
928 849 1165 892 observare
1198 848 1383 891 licuerit.

292 920 468 970 Quibus
509 921 654 963 allatis
695 921 847 963 forsan
886 919 1065 962 cuidam
1104 919 1333 962 videretur
1365 920 1481 962 hanc
1514 920 1714 975 plantam

145 992 197 1034 in
242 992 472 1034 nonnullis
520 993 686 1034 referre
735 991 938 1047 Speciem
971 991 1094 1033 illam
1127 990 1383 1041 australem,
1418 990 1501 1033 sub
1534 991 1716 1033 nomine

147 1063 450 1118 Rhodymemoe
482 1064 703 1106 variolosoe
734 1062 839 1105 olim
863 1076 889 1104 a
911 1062 1095 1117 Harvey
1119 1061 1401 1117 descriptam.
1457 1061 1588 1103 Hanc
1611 1075 1716 1116 quo-

143 1148 237 1189 -que
284 1134 530 1176 admodum
577 1134 873 1190 gelatinosam
922 1132 1147 1183 obvenire,
1197 1137 1239 1175 et
1280 1132 1626 1188 cystocarpia(‘?)
1668 1133 1715 1173 in

146 1204 373 1260 glandulis
421 1210 547 1247 extra
593 1205 802 1247 frondem
846 1203 1114 1260 prominulis
1155 1217 1368 1257 generare
1405 1207 1599 1253 constat;
1634 1216 1715 1245 nec

143 1280 417 1318 structuram
467 1276 609 1332 ipsius
656 1275 830 1317 frondis
877 1275 939 1316 ita
982 1274 1176 1317 alienam
1217 1274 1423 1324 dicerem,
1458 1278 1507 1315 ut
1539 1274 1715 1329 plantas

143 1351 430 1402 comparatas
478 1347 609 1402 longe
655 1346 854 1389 diversas
893 1345 1043 1387 statim
1077 1348 1390 1388 assumeretur.
1457 1344 1575 1386 Dum
1611 1357 1715 1387 vero

146 1417 196 1459 in
227 1422 381 1460 nostra
423 1418 578 1473 Specie
623 1417 899 1473 cystocarpia
931 1421 1204 1471 generantur
1234 1416 1282 1457 in
1314 1415 1463 1470 ligulis
1497 1415 1716 1470 margina-

148 1488 290 1540 libus;
325 1503 494 1544 organa
526 1489 573 1530 in
607 1488 881 1543 Harveyana
914 1487 1070 1543 Specie
1097 1487 1345 1530 obveniunt
1368 1500 1504 1541 supra
1526 1486 1714 1541 paginas

144 1573 324 1614 :sparsa3
379 1559 686 1601 confitendum
741 1573 920 1614 quoque
972 1557 1199 1601 videretur
1249 1558 1394 1612 ipsam
1444 1560 1715 1598 structuram

147 1630 295 1673 nuclei
329 1630 572 1672 hodiedum
607 1631 700 1672 fere
733 1630 934 1685 ignotam
968 1629 1113 1671 dicere
1146 1631 1411 1684 opporteret.

291 1701 442 1744 Nostri
476 1701 663 1743 Generis
696 1700 832 1756 igitur
864 1700 1065 1755 Speciem
1100 1699 1280 1741 unicam
1314 1699 1448 1740 sistit:

149 1819 526 1861 MICROGONGRUS
561 1832 1016 1860 PHYLLOPHOROIDES
1049 1818 1092 1859 J.
1128 1818 1209 1871 Ay.
1243 1831 1363 1859 mser.

362 1901 480 1944 Hab.
515 1901 570 1943 ad
605 1915 703 1943 oras
736 1901 878 1944 Novae
912 1899 1169 1942 Hollandiae
1203 1914 1258 1941 ex
1289 1898 1545 1962 Richmond
1578 1898 1715 1940 River

363 1973 474 2014 mihi
522 1986 548 2014 a
596 1972 703 2014 Miss
752 1971 1052 2026 Hodgkinson
1100 1970 1206 2011 olim
1257 1970 1439 2012 missam
1488 1967 1739 2024 specimen

362 2043 632 2086 examinavi.

208 2386 329 2438 XII.
410 2386 489 2437 D‘e
530 2385 834 2454 Speciebus
874 2384 1217 2453 quibusdam
1267 2383 1653 2434 Floridearum

538 2474 710 2525 hodie
749 2474 896 2524 male
934 2472 1324 2541 interpretatis,

296 2623 334 2677 1)
368 2621 434 2664 De
473 2622 895 2664 »CORDYLECLADIA
939 2636 1225 2672 commum»,
1275 2620 1453 2676 qualem
1504 2633 1556 2660 ex
1605 2617 1714 2659 Cali-

150 2694 300 2735 {fornia
333 2693 531 2743 missam,
565 2693 626 2734 ita
659 2692 994 2734 denominatam
1029 2692 1133 2735 vidi.

295 2764 408 2813 Quae
456 2763 539 2805 sub
588 2763 705 2805 dicto
753 2764 935 2805 nomine
983 2777 1008 2805 a
1056 2777 1128 2805 me
1176 2762 1396 2817 descripta
1442 2760 1526 2802 fuit
1561 2759 1715 2814 planta

146 2835 407 2890 Tingitana,
457 2833 567 2875 mihi
616 2833 799 2889 quidem
848 2834 1031 2876 obvenit
1075 2838 1142 2876 sat
1178 2833 1417 2888 conspicue
1450 2831 1626 2873 diversa
1658 2829 1712 2871 ab

1549 2913 1570 2945 9
