1779 3068
703 65 1028 107 GRAcrnAmAE.
1595 63 1649 104 39

230 184 313 227 His
346 183 590 227 observatis
614 183 872 226 cellularum
898 181 1162 224 differentiis
1185 182 1230 224 in
1255 180 1509 238 Speciebus,
1535 194 1646 236 quas

86 255 390 298 habitualibus
422 255 539 298 notis
571 260 640 297 sat
670 257 965 310 congruentes
999 257 1190 308 putares,
1227 252 1336 295 mihi
1360 252 1435 294 vix
1458 251 1646 294 dubium

86 326 347 381 adparuisse
389 326 612 369 confiteor.
654 323 873 381 ejusmodi
910 323 1183 366 differentias
1216 323 1475 366 cellularum
1511 347 1567 352 —
1602 327 1649 364 ut

86 397 167 439 has
209 411 388 452 quoque
430 397 476 439 in
510 396 661 439 multis
694 395 791 438 aliis
825 395 1066 451 Speciebus
1100 394 1286 437 Generis
1318 393 1649 437 observaverim

85 494 142 498 ——
175 468 358 523 majoris
403 467 639 524 cujusdam
682 466 896 509 momenti
939 465 1286 508 considerandas
1328 479 1422 507 esse
1460 465 1508 506 in
1541 464 1650 519 ipsis

86 538 384 581 affinitatibus
417 538 673 594 Specierum
709 536 1023 594 diJ'udicandis.
1055 536 1088 579 si
1123 550 1302 592 quoque
1335 536 1381 578 in
1415 535 1512 578 aliis
1547 534 1649 589 Spe-

85 610 236 653 ciebus
284 609 537 651 consimiles
584 609 795 651 obvenire
839 608 930 650 vidi
973 607 1250 650 differentias
1292 606 1552 649 cellularum
1592 606 1649 661 (et

86 679 451 736 quandoquidem
499 679 646 721 adl-m:
680 678 822 734 magis
856 678 1133 734 conspicuas)
1166 678 1281 720 ine-cs
1319 678 1481 719 foi-..w
1533 676 1651 717 half-

86 751 280 794 tualibus
314 750 429 792 notis
462 754 531 792 sat
562 755 871 804 congruentes.

228 1034 508 1077 Structuram
542 1032 715 1075 frondis
749 1032 1019 1077 interiorem,
1046 1032 1222 1087 qualem
1257 1033 1370 1073 hanc
1394 1032 1438 1073 in
1464 1032 1651 1073 diversis

87 1105 328 1162 Speciebus
374 1103 630 1147 Gracilariae
672 1103 858 1146 Generis
891 1128 948 1133 —
980 1108 1021 1145 et
1069 1103 1176 1158 quin
1221 1103 1360 1145 immo
1393 1117 1572 1158 quoque
1607 1103 1651 1144 in

85 1178 151 1224 iis,
202 1190 314 1232 quas
359 1175 663 1218 habitualibus
703 1175 819 1217 notis
862 1174 1156 1217 exterioribus
1189 1173 1433 1215 admodum
1468 1187 1652 1229 congru-

87 1253 210 1291 entes
243 1247 502 1290 viderentur
524 1273 581 1277 —
609 1246 923 1289 obvenientem
960 1244 1065 1292 vidi,
1099 1245 1349 1287 accuratius
1382 1244 1651 1290 observanti,

88 1319 196 1361 mihi
245 1318 506 1374 adparuisse
554 1317 768 1361 confiteor
811 1317 961 1373 plures
1003 1316 1131 1371 quasi
1165 1322 1295 1371 typos
1328 1320 1560 1357 structurae
1593 1314 1654 1356 di-

88 1404 238 1432 versos
281 1389 324 1431 in
366 1389 463 1431 aliis
496 1388 739 1444 Speciebus
773 1387 1033 1444 dignoscere
1066 1386 1196 1429 licere
1274 1386 1317 1428 Si
1352 1386 1396 1427 in
1437 1386 1511 1429 Gr.
1553 1385 1653 1429 Con-

76 1461 270 1518 fervoz'de
302 1460 489 1516 ejusque
523 1459 737 1502 affinibus
770 1459 853 1502 sub
885 1463 1004 1501 certo
1037 1457 1233 1514 quodam
1269 1456 1536 1499 evolutionis
1570 1463 1654 1499 sta-

86 1532 179 1581 dio;
229 1531 266 1574 si
307 1531 354 1573 in
402 1531 476 1574 Gr.
513 1531 767 1574 Lichenoide
808 1530 996 1586 ejusque
1029 1528 1255 1574 affinibus,
1291 1527 1446 1584 quales
1479 1528 1559 1570 has
1593 1528 1654 1569 in-

87 1602 349 1658 telligendas
382 1602 550 1658 putavi,
591 1601 674 1644 sub
708 1615 981 1657 unoquoque
1014 1601 1108 1643 fere
1141 1601 1244 1642 vitae
1277 1599 1419 1642 stadio
1452 1599 1559 1641 alias
1592 1599 1654 1641 in-

85 1673 259 1716 terioris
292 1673 417 1716 strati
449 1672 631 1716 cellulas
664 1673 903 1728 conspicue
937 1672 1130 1727 majores
1165 1671 1254 1714 vidi
1289 1685 1425 1727 quam
1450 1671 1535 1713 illis
1559 1684 1654 1726 pro-

86 1746 231 1787 ximas
263 1745 535 1786 ——intimas
582 1743 842 1786 cellularum
892 1743 1020 1786 orbes
1069 1743 1411 1791 constituentes:
1462 1742 1505 1783 in
1556 1742 1653 1783 aliis

87 1821 236 1859 autem
287 1815 530 1872 Speciebus
577 1821 671 1857 tum
722 1815 982 1857 cellularum
1034 1827 1273 1856 numerum
1323 1813 1462 1855 multo
1514 1813 1653 1867 magis

87 1892 269 1929 auctum
303 1912 359 1917 —-
392 1886 496 1929 hinc
540 1886 721 1929 cellulas
754 1900 910 1928 omnes
942 1885 1182 1941 conspicue
1216 1884 1423 1931 minores,
1458 1883 1652 1925 cellulas·

87 1972 176 2014 que
222 1958 463 2000 exteriores
510 1958 640 2000 orbes
688 1957 947 2000 cellularum
999 1956 1320 1998 constituentes
1368 1954 1653 1997 interioribus

87 2043 245 2085 parum
292 2030 496 2083 majores,
532 2029 765 2084 magisque
803 2028 1025 2084 gradatim
1059 2028 1102 2069 in
1138 2026 1265 2068 orbes
1298 2025 1556 2068 cellularum
1592 2025 1653 2066 in·

86 2101 270 2143 tei-iores
317 2100 555 2151 abeuntes;
605 2104 699 2142 tum
750 2113 930 2155 quoque
978 2099 1121 2154 ipsam
1167 2097 1357 2139 formam
1392 2095 1652 2138 cellularum

89 2171 214 2213 strati
262 2171 485 2213 interioris
524 2171 657 2213 aliam
698 2169 911 2213 obvenire
944 2170 988 2211 in
1023 2167 1276 2224 Speciebus,
1311 2181 1422 2223 quas
1455 2166 1653 2208 habitua-

88 2241 205 2285 libus
254 2242 369 2284 notis
416 2241 710 2284 exterioribus
755 2254 893 2296 quam
929 2240 1124 2282 maxime
1155 2243 1451 2294 congruentes
1484 2236 1651 2293 putavi,

89 2312 384 2369 perpendenti
433 2313 542 2354 mihi
591 2326 773 2368 quoque
820 2310 1155 2354 evidentissime
1203 2309 1440 2365 probatum
1484 2309 1652 2364 putavi,

90 2383 334 2426 affinitates
382 2383 641 2439 Specierum
682 2382 802 2424 haud
846 2396 900 2424 ex
937 2382 1081 2423 forma
1113 2386 1155 2423 et
1188 2380 1507 2422 ramificatione
1541 2380 1655 2422 fron-

91 2454 172 2497 dis.
222 2468 334 2509 quas
377 2454 422 2496 in
463 2454 706 2510 Speciebus
738 2466 920 2509 quoque
952 2457 1174 2494 structura
1206 2451 1394 2493 diversis
1425 2450 1655 2506 analogias

91 2524 451 2568 evidentissimas
483 2523 850 2580 quandoquidem
889 2528 1188 2566 monstrantes
1220 2522 1326 2573 vidi,
1360 2521 1436 2564 sed
1470 2535 1525 2564 ex
1556 2521 1655 2564 cha-

91 2596 337 2638 racteribus
386 2601 620 2638 structurae
668 2595 800 2638 hodie
848 2594 1163 2650 dijudicandas
1210 2608 1317 2636 esse.
1384 2592 1439 2635 Et
1476 2592 1560 2635 hoc
1593 2606 1654 2635 re-

91 2673 247 2723 spectu
296 2681 384 2708 non
434 2672 610 2709 tantum
653 2680 891 2708 numerum
932 2671 976 2708 et
1007 2665 1345 2721 dispositionem
1378 2663 1653 2713 cellularum,

92 2738 257 2794 quibus
299 2738 444 2793 ipsam
481 2736 816 2780 consistentiam
851 2735 1025 2778 frondis
1058 2736 1102 2778 in
1135 2736 1234 2778 aliis
1266 2735 1521 2778 Grracilariae
1555 2734 1657 2790 Spe-

92 2808 245 2851 ciebus
291 2822 429 2864 quam
478 2809 674 2850 maxime
723 2807 916 2863 pendere
964 2807 1134 2863 putavi,
1179 2806 1255 2849 sed
1298 2819 1479 2862 quoque
1511 2806 1654 2861 ipsam
