1779 3068
88 98 155 138 ’96
724 90 1045 131 GRACILAmAE.

100 215 168 255 57.
241 212 325 253 GR.
361 224 575 252 PANNOSA
612 210 749 251 Havrv.
771 208 823 260 *).

100 343 309 378 attenuatis
336 345 375 375 at
400 342 453 375 ita
479 352 612 384 parum
640 340 845 382 conspicue
871 342 914 372 ut
940 339 1101 372 formam
1126 338 1306 371 linearem
1326 348 1458 371 omnes
1477 339 1672 370 servantes

101 403 278 443 dicerem,
306 405 344 435 et
369 401 529 434 eandem
558 400 637 433 fere
663 399 809 432 frondis
840 398 1083 431 latitudinem
1110 416 1153 420 —
1181 397 1221 430 in
1249 396 1457 440 specimine
1484 396 1673 429 exsiccato

100 463 241 496 lineam
281 462 321 494 in
354 461 494 504 pinnis,
528 459 800 501 sesquilineam
827 458 867 491 in
893 457 1112 491 rachidibus
1140 459 1332 498 aequantes
1360 459 1472 498 atque
1498 455 1598 488 infra
1622 454 1674 488 bi-

101 521 333 555 furcationes
366 520 419 553 ita
452 530 586 562 parum
619 521 769 551 auctam
803 520 845 550 ut
874 517 1048 550 dubitare
1075 516 1206 549 liceret
1232 526 1280 548 an
1305 515 1389 558 jure
1416 515 1497 548 haec
1524 514 1674 557 Species

101 581 149 614 ad
176 579 447 622 multipartitas
475 581 512 611 et
538 578 644 620 quasi
674 576 908 619 grallatorias
936 576 1153 619 pertineret.
1200 575 1284 608 Hoc
1310 574 1502 607 indicante
1529 573 1675 606 charac-

101 643 192 680 tere,
219 643 300 673 tum
327 648 477 681 quoque
503 637 688 670 suadente
714 634 1000 669 raimificationis
1027 645 1161 668 norma
1187 634 1226 667 in
1254 633 1370 666 ramis
1400 632 1675 676 principalibus

102 700 331 740 dichotoma,
371 701 410 731 at
448 698 488 731 in
526 697 586 730 his
624 696 712 729 dein
748 695 980 738 praevalente
1006 693 1281 727 ramificatione
1308 693 1476 736 pinnata,
1505 691 1676 734 Speciem

101 759 200 792 hanc
227 757 446 798 occidentis,
474 767 559 790 cum
588 755 650 789 Gr.
678 755 859 789 corticata
885 753 1041 787 orientis
1069 753 1245 786 lubenter
1272 752 1469 793 analogam
1494 751 1674 789 dicerem;

102 821 141 851 at
167 817 441 851 occidentalem
468 816 663 849 elatiorem
691 818 728 848 et
753 813 1006 856 dispositione
1039 815 1099 845 sat
1124 812 1346 854 regulariter
1372 811 1530 854 pinnata
1556 820 1676 843 ramu-

102 877 225 911 lorum
252 877 489 916 instructam,
517 875 700 917 adspectu
727 873 932 906 admodum
959 872 1150 906 diversam
1179 871 1360 904 obvenire
1387 872 1502 913 patet.
1549 868 1677 911 Cysto-

104 936 231 979 carpia
256 936 295 968 in
322 935 416 978 ipsis
444 934 572 978 pinnis
599 936 778 976 generata
804 933 883 965 fieri
913 941 1062 974 quoque
1090 931 1393 964 animadvertere
1417 929 1568 972 placuit,
1589 927 1678 961 hinc

103 996 233 1029 forsan
260 995 380 1028 multo
407 994 527 1036 magis
557 1003 700 1036 sparsa.
748 991 976 1034 Comparata
1001 991 1264 1033 magnitudine
1290 990 1388 1023 hanc
1416 988 1586 1032 Speciem
1615 986 1678 1020 Gr.

104 1054 404 1097 Cunninghamii
432 1057 470 1087 et
496 1053 558 1087 Gr.
579 1052 870 1094 multipartitam
898 1051 1001 1083 illam
1030 1051 1283 1083 americanam
1306 1050 1433 1092 (quam
1452 1047 1565 1081 hodie
1583 1046 1679 1079 duce

105 1114 383 1149 Crouaniorum
411 1113 473 1147 Gr.
501 1112 773 1155 tridactylitam
801 1110 895 1152 dixi)
922 1120 1085 1152 aequare;
1114 1109 1400 1143 ramificationis
1420 1117 1553 1141 norma
1571 1105 1679 1148 quasi

105 1174 227 1207 mixta
252 1174 380 1216 potius
407 1173 567 1206 eandem
596 1183 681 1205 cum
710 1171 772 1204 Gr.
801 1170 982 1204 corticata
1006 1179 1280 1212 compararem3
1310 1169 1408 1201 hanc
1427 1170 1554 1200 tamen
1572 1165 1680 1198 rami-

105 1234 321 1267 ficationem
362 1232 482 1265 multo
521 1231 642 1273 magis
674 1230 896 1272 regulariter
930 1229 1151 1271 perductam
1180 1228 1260 1261 fieri
1287 1228 1327 1260 in
1355 1227 1486 1270 Specie
1513 1225 1680 1259 occiden-

105 1293 183 1334 tali,
211 1295 292 1325 tum
319 1291 403 1334 ipsa
428 1291 582 1324 rachide
607 1290 765 1330 frondis,
793 1292 874 1321 tum
902 1288 1016 1321 ramis
1045 1288 1285 1329 dichotomis,
1309 1290 1390 1320 tum
1417 1285 1573 1319 ramulis
1602 1284 1679 1327 pin-

106 1352 226 1385 natim
270 1350 466 1393 dispositis
510 1350 673 1382 formam
712 1349 865 1391 planam
905 1351 943 1380 et
980 1347 1163 1380 linearem
1191 1346 1444 1380 servantibus
1510 1344 1681 1387 Speciem

106 1411 222 1453 igitur
247 1409 513 1443 intermediam
541 1409 640 1441 inter
666 1408 793 1451 plures
820 1407 924 1447 alias,
955 1406 1150 1440 nonnullis
1181 1405 1462 1439 characteribus
1490 1414 1586 1445 aegre
1607 1403 1682 1444 dig-

107 1470 337 1511 noscendas;
377 1469 445 1502 has
483 1471 608 1501 autem
644 1467 745 1500 haud
773 1466 1075 1507 confundendas,
1103 1466 1170 1499 sed
1197 1476 1267 1499 suo
1293 1465 1406 1498 modo
1434 1464 1480 1497 ad
1506 1464 1575 1496 has
1602 1462 1681 1496 suis

108 1529 391 1563 characteribus
418 1529 489 1561 rite
515 1527 820 1570 interpretandas
848 1526 988 1559 indicia
1014 1536 1164 1568 quoque
1192 1525 1424 1568 praebentem
1451 1522 1593 1566 putavi.

253 1587 286 1629 *)
311 1588 369 1621 Ad
404 1588 555 1630 Species
591 1587 699 1629 quasi
734 1586 1009 1619 ramificatione
1036 1585 1156 1618 mixta
1183 1583 1471 1626 dignoscendas,
1499 1581 1683 1625 principa-

107 1648 209 1682 libus
246 1648 426 1680 nimirum
464 1647 579 1679 ramis
613 1646 854 1687 dichotomis,
882 1646 990 1687 quasi
1017 1644 1191 1678 rachides
1218 1643 1390 1686 proprias
1417 1641 1683 1683 formantibus,

108 1707 343 1741 secundariis
371 1712 496 1740 autem
524 1705 713 1748 pinnatim
741 1715 763 1738 a
789 1704 1025 1746 marginibus
1052 1703 1251 1736 rachidum
1279 1702 1507 1735 exeuntibus
1534 1710 1683 1742 quoque

109 1767 299 1810 pertinere
340 1766 511 1809 Speciem
551 1765 654 1798 illam
696 1765 810 1798 Novae
850 1763 1078 1806 Hollandiae,
1115 1773 1228 1805 quam
1256 1762 1328 1795 sub
1355 1761 1509 1795 nomine
1536 1759 1683 1794 Callibl.

109 1827 349 1860 Preissianae
388 1826 427 1858 in
468 1824 586 1858 Ηανυ.
613 1823 725 1867 Phyc.
754 1822 822 1856 tab.
854 1822 947 1856 CVI
967 1822 1252 1856 denominatam
1280 1821 1469 1863 novimus,
1496 1828 1685 1862 quamque

109 1889 243 1929 postea
268 1885 308 1918 in
336 1884 442 1918 Bidr.
471 1884 551 1927 Aly.
580 1882 676 1926 Syst.
705 1881 773 1916 IV.
796 1893 835 1925 p.
866 1883 914 1916 62
950 1882 1162 1915 rationibus
1190 1881 1287 1914 datis
1313 1881 1398 1922 (sub
1424 1879 1579 1913 nomine
1605 1888 1685 1921 spe-

110 1945 217 1979 cifico
257 1945 330 1977 alio
372 1942 437 1977 Gr.
460 1942 649 1986 pavmosoe)
686 1945 728 1975 ut
768 1942 940 1984 Speciem
976 1941 1193 1975 Gracilariae
1228 1939 1508 1982 agnoscendam
1542 1937 1683 1981 putavi.

110 2004 375 2038 Differentiam
414 2003 520 2036 iliam
558 2003 657 2035 inter
696 2000 859 2035 rachides
895 2011 1084 2034 ramorum
1111 1999 1383 2042 complanatas,
1411 2002 1448 2032 et
1473 1998 1611 2041 pinnas
1638 1997 1685 2030 ab

111 2064 183 2097 hac
215 2063 368 2096 rachide
406 2065 602 2102 exeuntes,
640 2061 765 2094 adhuc
792 2061 872 2093 fieri
900 2060 1173 2093 evidentiorem
1200 2059 1285 2101 ipsa
1310 2060 1433 2092 forma
1458 2067 1685 2099 organorum

111 2123 272 2163 diversa,
301 2123 373 2155 hoc
400 2122 481 2155 loco
509 2121 704 2154 monuisse
732 2120 866 2163 placet,
903 2122 940 2152 et
966 2120 1038 2152 hoc
1065 2119 1178 2152 modo
1204 2128 1274 2151 sua
1300 2118 1446 2151 adferre
1473 2116 1614 2150 indicia
1639 2115 1686 2148 ad

112 2182 319 2215 affinitates
359 2181 577 2224 Specierum
616 2180 687 2212 rite
721 2179 1002 2222 dijudicandas;
1036 2177 1130 2221 ipsis
1160 2187 1309 2219 quoque
1336 2177 1463 2219 pinnis
1490 2176 1530 2208 in
1556 2175 1688 2218 planta

112 2241 452 2284 sphaerosporifera
489 2250 558 2273 sua
596 2240 719 2273 forma
757 2238 882 2271 adhuc
921 2238 1041 2280 magis
1069 2248 1090 2270 a
1116 2237 1246 2280 pinnis
1280 2236 1420 2279 plantae
1447 2233 1686 2278 cystocarpii—

112 2301 202 2333 feris
242 2300 414 2334 diversis.
467 2298 712 2342 Comparanti
751 2298 845 2330 mihi
881 2299 1109 2330 structuram
1147 2295 1365 2329 interiorem
1392 2294 1550 2334 frondis,
1577 2293 1687 2336 adpa-

112 2359 234 2393 ruisse
262 2359 507 2393 Gracilariam
535 2368 745 2401 pannosam
773 2367 842 2390 sua
868 2359 1059 2390 structura
1085 2355 1362 2398 platycystidea
1388 2365 1473 2387 cum
1499 2352 1582 2386 aliis
1603 2353 1687 2395 Spe-

113 2419 244 2452 ciebus
283 2429 377 2461 quas
416 2418 530 2452 hodie
567 2417 760 2460 proximas
787 2414 966 2459 judicavi,
994 2414 1198 2449 convenire
1225 2414 1363 2447 addere
1390 2413 1542 2456 placuit.
1593 2412 1688 2444 Ean-

113 2478 276 2520 demque
314 2480 543 2511 structuram
577 2487 638 2509 me
671 2476 813 2510 vidisse
841 2478 933 2518 puto
960 2475 999 2508 in
1027 2474 1244 2517 Speciebus,
1273 2483 1366 2515 quas
1393 2483 1439 2505 ex
1467 2472 1574 2505 Nova
1599 2470 1688 2504 Hol-

114 2537 242 2570 landia
280 2548 366 2570 cum
402 2536 476 2569 illis
513 2547 560 2569 ex
588 2536 828 2569 Hadramont
855 2534 1003 2568 Arabiae
1030 2532 1289 2566 meridionalis
1316 2541 1535 2574 comparare
1560 2529 1685 2569 licuit;

114 2607 184 2629 nec
223 2596 335 2629 aliam
375 2606 435 2629 me
473 2596 615 2629 vidisse
654 2595 693 2627 in
732 2594 1007 2637 speciminibus
1046 2592 1262 2635 junioribus
1296 2590 1477 2631 carnosis,
1513 2589 1686 2632 caespites

114 2655 360 2698 corymbosos
400 2654 654 2688 formantibus
694 2657 807 2696 atque
846 2653 930 2686 aliis
966 2652 1164 2694 elongatis,
1196 2651 1235 2684 in
1263 2651 1401 2693 quibus
1428 2648 1601 2682 rachides
1628 2659 1687 2681 ex-

115 2717 328 2747 crescentes
368 2714 565 2757 pinnatam
602 2713 916 2746 ramificationem
954 2712 1172 2751 referentes,
1201 2709 1455 2743 substantiam
1482 2708 1686 2741 offerentes

108 2773 237 2811 magis
265 2773 570 2806 Lichenoideam.
