1779 3068
704 49 1059 93 CHYLoanmA.
1605 53 1656 93 31

92 169 141 207 ut
193 165 247 207 de
294 167 514 209 affinitate
563 167 749 210 Generis
799 168 942 222 primo
991 168 1157 210 intuitu
1204 168 1452 224 dijudicare
1495 170 1657 212 liceret.

93 235 434 292 Sphaerosporas
484 238 697 279 nimirum
747 238 924 280 facilius
972 239 1073 294 quis
1121 238 1286 282 diceret
1333 240 1379 281 in
1422 255 1544 283 soros
1577 240 1659 282 col—

90 305 226 348 lectas
273 306 485 349 obvenire
532 308 579 348 in
626 308 762 350 ramis
811 309 943 363 paulo
992 309 1267 364 longioribus
1315 310 1502 361 frondis,
1543 325 1657 366 quos

89 376 268 419 facilius
316 377 416 432 quis
465 376 629 419 diceret
677 377 946 419 articulatim
994 380 1253 421 constrictos
1295 380 1409 422 inter
1440 394 1576 431 soros,
1611 382 1658 422 in

90 451 215 503 parte
262 447 445 489 dilatata
491 447 802 497 obvenientes;
853 448 971 502 quod
1021 450 1173 491 forsan
1222 465 1401 505 quoque
1445 466 1525 493 sua
1558 466 1657 494 con-

89 518 207 560 ferre
260 518 360 573 quis
412 518 638 573 putaverit
689 517 746 558 ad
794 518 1050 572 opinionem
1102 519 1155 561 de
1203 521 1422 563 affinitate
1471 522 1657 564 Generis

90 588 387 631 statuendam.

235 658 368 708 Quod
411 672 516 702 vero
548 658 595 700 in
628 658 849 700 affinitate
882 659 1019 714 hujus
1052 660 1218 715 plantae
1251 661 1494 716 judicanda
1527 663 1657 718 potis-

88 730 254 771 simum
308 728 761 772 animadvertendum
815 728 924 770 mihi
978 729 1238 785 adparuisse
1292 731 1498 779 dicerem,
1552 738 1656 775 sunt

89 804 322 843 structurae
370 800 646 850 differentiae,
697 813 798 854 quae
839 799 995 841 adesse
1033 800 1243 843 videntur
1276 816 1365 844 non
1399 808 1574 845 tantum
1610 805 1656 846 in

88 870 315 926 adspectu,
366 870 442 913 sed
491 875 534 912 et
581 870 628 911 in
669 873 894 912 structura
931 869 1074 924 ipsius
1107 871 1192 911 sori
1228 876 1359 925 prout
1392 872 1474 913 sub
1510 875 1655 916 evolu-

86 941 220 983 tionis
253 941 407 983 stadiis
440 941 627 983 diversis
660 939 853 982 eundem
877 939 1113 982 observare
1137 941 1381 996 contigerit.
1439 943 1505 985 Ita
1529 946 1652 995 mihi,

68 1012 233 1067 'prima
266 1012 361 1054 vice
394 1025 544 1053 sorum
579 1010 848 1058 observanti,
884 1009 1220 1052 eundemmihi
1244 1012 1505 1066 adparuisse
1529 1017 1654 1057 semi-

86 1083 302 1125 lunariter
349 1096 600 1138 expansum
646 1095 782 1137 supra
814 1081 973 1123 faciem
1008 1082 1054 1122 in
1087 1096 1178 1123 una
1211 1087 1287 1123 aut
1320 1084 1458 1126 altera
1492 1086 1656 1140 pagina

86 1154 260 1196 frondis
302 1167 573 1209 expansum;
623 1158 665 1195 et
701 1152 745 1194 in
781 1151 1005 1208 ejusmodi
1039 1166 1138 1193 soro
1171 1152 1290 1208 ipsas
1324 1154 1655 1210 spbaerosporas

85 1225 218 1280 longa
261 1225 372 1266 serie
413 1224 532 1266 intra
570 1223 806 1279 marginali
838 1222 1139 1278 juxtapositas
1172 1222 1396 1274 obvenire,
1432 1225 1551 1280 ipsas
1584 1226 1655 1268 ad-

85 1295 272 1338 modum
319 1295 619 1350 prolongatas,
669 1294 823 1349 quales
865 1292 1133 1348 plerumque
1179 1294 1373 1335 zonatim
1408 1295 1574 1338 divisas
1608 1298 1654 1338 in

84 1366 289 1422 pluribus
324 1365 539 1407 Florideis
573 1379 646 1406 me
678 1364 843 1407 vidisse
876 1369 985 1419 puto
1020 1364 1077 1418 (et
1109 1363 1192 1406 sub
1226 1365 1310 1406 hoc
1343 1365 1485 1407 stadio
1511 1368 1653 1408 affini-

84 1441 223 1480 tatem
270 1436 435 1492 plantae
481 1436 660 1478 facilius
702 1435 803 1490 quis
842 1434 1117 1476 Catenellam
1151 1449 1307 1477 versus
1341 1436 1523 1480 tendere
1556 1452 1656 1480 con-

83 1508 263 1564 jiceret).
319 1508 380 1550 Ut
415 1521 516 1551 vero
550 1506 661 1548 mihi
694 1506 929 1561 contigerit
961 1510 1245 1561 segmentum
1279 1507 1444 1550 habere
1478 1509 1653 1551 frondis

84 1579 490 1636 sphaerosporiferae
538 1578 688 1619 minus
736 1577 939 1627 evolutae,
984 1580 1079 1618 tum
1114 1577 1222 1619 alios
1257 1591 1377 1619 soros
1412 1578 1504 1620 vidi
1536 1579 1654 1622 intra

20 1673 22 1676 ·
83 1650 290 1693 frondem
333 1650 496 1692 referre
538 1647 667 1703 quasi
699 1647 900 1689 fodinam
934 1650 1209 1696 excavatam,
1246 1651 1495 1689 extrorsum
1532 1662 1652 1703 aper-

83 1726 176 1764 tam
209 1725 398 1763 stomate
430 1723 634 1775 angusto,
668 1717 881 1760 lateribus
913 1717 1081 1759 fodinae
1115 1717 1404 1759 circumcirca
1440 1733 1653 1773 generan-

83 1793 203 1835 tibus
259 1792 607 1848 sphaerosporas‚
656 1795 859 1832 centrum
908 1803 1064 1831 versus
1106 1788 1268 1830 fodinae
1316 1795 1649 1844 convergentes,

83 1869 219 1919 atque
264 1864 459 1906 invicem
502 1862 750 1917 disjunctas
792 1860 1011 1916 adparatu
1044 1859 1308 1902 tenuissimo
1342 1859 1515 1901 filorum
1551 1874 1653 1902 ana-

83 1925 427 1977 stomosantium
459 1959 516 1963 —
549 1934 679 1988 cujus
712 1946 817 1974 vero
851 1936 1119 1973 structuram
1155 1930 1237 1972 sub
1270 1930 1353 1972 hoc
1387 1930 1530 1971 stadio
1554 1945 1650 1973 evo-

81 2005 265 2048 lutionis
309 2005 387 2047 Vix
430 2005 513 2046 rite
545 2003 777 2059 concipere
810 2003 951 2044 liceat.
1016 2001 1227 2043 Attamen
1261 2005 1526 2042 structuram
1563 2002 1650 2043 sori

80 2076 129 2118 in
175 2090 267 2118 una
314 2075 562 2130 eademque
603 2074 758 2130 planta
798 2073 1013 2128 adspectu
1047 2072 1400 2114 diversissimam
1434 2071 1648 2112 obvenire

81 2160 223 2202 posse,
256 2145 303 2188 id
335 2149 510 2188 tantum
545 2159 600 2187 ex
633 2143 899 2187 evolutionis
921 2143 1064 2198 gradu
1087 2142 1262 2184 diverso
1288 2142 1481 2197 pendere
1505 2155 1646 2197 posse,

80 2217 214 2260 hodie
260 2217 437 2260 facilius
485 2216 782 2271 intelligatur;
826 2219 869 2256 et
907 2215 1026 2256 facta
1059 2212 1280 2268 ejusmodi
1315 2212 1648 2267 comparatione

82 2301 263 2343 quoque
303 2288 415 2329 mihi
459 2287 848 2329 evidentissimum
890 2284 1151 2340 adparuisse
1185 2298 1326 2325 unum
1363 2283 1559 2325 stadium
1593 2283 1649 2325 ad

81 2358 271 2401 alterum
317 2355 661 2411 intelligendum
710 2354 873 2397 eximie
921 2354 1135 2396 conferre.
1203 2353 1518 2396 Evolutionem
1562 2353 1649 2395 sori

80 2429 142 2470 ita
189 2425 429 2481 explicanti
478 2425 589 2466 mihi
636 2438 816 2479 quoque
863 2423 1124 2479 adparuisse
1172 2423 1328 2479 putavi
1377 2428 1646 2465 structuram

81 2498 169 2540 sori
215 2498 278 2540 ita
324 2501 443 2539 certa
489 2496 656 2538 indicia
702 2495 900 2551 praebere
942 2494 997 2537 de
1029 2494 1249 2536 affinitate
1282 2494 1450 2549 plantae
1484 2501 1532 2536 ut
1564 2508 1646 2536 nec

81 2568 219 2610 dubia
250 2567 458 2623 quaedam
491 2567 546 2609 de
578 2567 798 2609 affinitate
831 2565 1002 2621 Speciei
1029 2564 1136 2607 olim
1158 2578 1184 2607 a
1208 2564 1391 2619 Harvey
1414 2564 1648 2619 descriptae

79 2639 192 2681 mihi
224 2642 389 2681 restare
423 2638 629 2680 dicerem.

222 2710 382 2753 Totam
430 2710 550 2752 enim
595 2709 711 2751 hanc
754 2708 1069 2758 evolutionem,
1105 2707 1283 2762 qualem
1317 2706 1450 2749 hodie
1484 2707 1531 2748 in
1564 2706 1648 2748 hac

81 2780 225 2823 Onu.
262 2795 504 2823 CATENATA
555 2779 883 2835 (LOMENTARIA
929 2778 1188 2833 CATENATA)
1236 2777 1361 2820 Auct.
1410 2776 1667 2819 observare
