1779 3068
86 106 142 147 28
637 150 641 154 ,
751 102 995 144 CHAMPIAE.

86 236 111 264 a
160 236 229 263 me
278 224 324 263 in
372 221 662 276 Dz'plocystide
709 219 967 262 observatis.
1044 219 1236 269 Qualem
1283 221 1403 264 hanc
1446 223 1659 274 formam,

84 292 331 334 hodiedum
364 297 544 334 tantum
576 306 632 333 ex
664 291 797 333 unico
831 291 1077 345 specimine
1109 291 1223 333 mihi
1254 292 1482 347 cognitam
1504 293 1655 344 habui,

85 364 291 406 frondem
336 376 640 418 compressam
683 362 973 417 ramulosque
1006 376 1032 403 a
1065 363 1280 417 margine,
1315 377 1397 405 sua
1438 369 1563 419 parte
1595 365 1661 406 in-

84 435 246 477 feriore
294 434 535 490 conspicue
582 437 814 475 attenuata
862 433 1151 488 egredientes,
1202 435 1351 490 apices
1399 449 1555 477 versus
1593 440 1657 477 tu-

85 510 258 548 mentes
308 506 451 560 magis
499 504 696 547 clavatos
744 503 927 558 dicereS,
971 518 1171 570 superne&
1207 519 1287 547 sua
1323 505 1562 548 latitudine
1594 520 1658 548 ra-

85 577 230 618 mulos
281 576 500 631 Ohampice
532 576 794 618 Zumbricalis
840 575 935 617 fere
983 580 1225 630 aequantes.
1290 576 1502 618 Formam
1541 576 1663 619 hanc

85 648 307 703 insignem
357 648 469 689 mihi
517 651 692 689 tantum
738 646 794 689 ab
839 647 972 688 unico
1006 647 1265 702 specimine,
1300 661 1355 689 ex
1386 647 1493 689 P‘ort
1525 647 1660 690 Elliot

86 719 169 761 sub
202 733 275 761 nze
308 721 408 769 564,
442 733 468 760 a
500 718 618 760 Dzna
650 717 832 773 Hussey
865 717 976 759 mihi
1012 718 1147 760 misso
1181 718 1407 774 cognitam
1440 718 1592 761 habui.

228 790 394 832 Praeter
427 789 619 845 Species,
654 789 724 831 his
747 789 1079 831 characteribus
1110 793 1160 831 ut
1180 794 1389 845 putarem
1412 789 1661 840 distinctas,

86 862 334 917 specimina
366 861 505 903 habui
538 860 663 902 haud
685 873 829 916 pauca
853 860 1041 911 minuta,
1065 860 1268 916 caespites
1290 861 1337 902 in
1361 860 1500 903 limite
1524 861 1663 902 maris

85 938 135 974 ut
178 937 381 988 putarem
421 931 678 981 formantia,
725 946 918 987 quarum
953 931 1148 987 plurima
1180 932 1351 974 formas
1383 946 1526 974 nanas
1559 931 1661 973 alia-

85 1018 186 1045 rum
241 1004 499 1059 Specierum
553 1016 671 1059 aegre
724 1002 1052 1058 dignoscendas
1109 1002 1316 1045 lubenter
1368 1017 1657 1045 assumerem.

85 1074 325 1130 Ejusmodi
366 1076 561 1117 formam
605 1074 688 1117 sub
732 1075 915 1116 nomine
963 1073 1280 1128 Chrysynzem'oe
1311 1074 1663 1130 chylocladz'oides

91 1145 189 1197 Gru,
240 1161 295 1189 ex
343 1145 637 1201 Guadeloupe
684 1145 768 1187 sub
816 1159 890 1187 nto
926 1145 1038 1187 1768
1088 1145 1199 1186 mihi
1242 1159 1268 1187 a
1300 1144 1425 1187 Maze
1473 1145 1661 1187 missam

86 1217 246 1268 habui;
296 1221 341 1259 at
388 1231 442 1259 ex
490 1217 735 1272 specimine
783 1215 921 1258 sterili
963 1220 1006 1258 et
1048 1216 1242 1258 nimium
1280 1230 1452 1266 manco,
1489 1216 1543 1259 de
1576 1216 1664 1258 hacv

85 1289 235 1330 forma
267 1288 442 1330 nullum
474 1287 695 1343 judicium
730 1288 847 1329 ferre
880 1286 1107 1329 auderem.

229 1360 296 1401 De
343 1359 501 1401 formis
550 1358 782 1414 Champiae
830 1372 966 1413 supra
1008 1357 1254 1413 descriptis,
1295 1372 1486 1413 quarum
1522 1372 1661 1400 unam

87 1431 415 1485 dozz‘chopodam,
465 1430 652 1472 alteram
701 1430 1045 1485 oppositzfolz‘am,
1103 1434 1345 1484 utramque
1392 1443 1447 1471 ex
1495 1443 1666 1472 oceano·

86 1502 271 1544 australi
320 1502 474 1557 (unam
524 1516 578 1544 ex
625 1501 755 1544 Nova
803 1500 1028 1551 Zelandia,
1080 1501 1266 1542 alteram
1310 1515 1364 1542 ex
1397 1500 1526 1543 Nova
1558 1499 1666 1543 Hol—

86 1573 237 1615 landia
271 1573 554 1615 meridionali
587 1573 754 1628 habui),
799 1573 883 1614 hoc
916 1571 1012 1614 loco
1046 1573 1230 1614 seorsim
1264 1572 1542 1614 mentionem
1574 1572 1661 1614 fac-

86 1649 179 1687 tam
223 1645 431 1695 dicerem,
466 1648 621 1700 utpote
664 1649 903 1699 utramque
942 1657 1022 1686 suo
1056 1643 1214 1686 habitu
1246 1643 1309 1685 ita
1341 1644 1507 1686 referre
1539 1642 1662 1698 plan-

85 1721 179 1759 tam
224 1716 409 1758 omnino
451 1715 690 1767 diversam,
734 1719 784 1757 ut
825 1715 1015 1757 eandem
1057 1715 1242 1757 omnino
1276 1714 1481 1771 Speciem
1512 1714 1560 1756 in
1592 1713 1666 1756 his*

87 1788 299 1830 omnibus
350 1787 530 1829 facilius
583 1787 684 1842 quis
737 1790 962 1837 statueret,
1014 1785 1307 1828 similitudine
1356 1785 1572 1828 exteriore
1621 1788 1664 1827 et

87 1859 393 1901 habitualibus
426 1858 543 1901 notis
577 1858 804 1913 deceptus.
860 1857 993 1900 Hanc
1026 1857 1252 1900 diversam
1282 1857 1486 1913 Speciem
1509 1861 1663 1898 tamen

88 1944 142 1973 ex
183 1929 378 1986 Japonia
418 1930 760 1986 provenientem
805 1929 911 1979 vidi,
947 1928 1228 1984 eandemque
1262 1927 1556 1970 suadentibus
1589 1927 1662 1969 ha-

87 2001 333 2044 bitualibus
377 2001 507 2051 notis,
548 2014 670 2042 nunc
703 1999 942 2042 Catenellae
975 1999 1176 2050 affinem,
1212 2013 1334 2042 nunc
1365 1998 1668 2041 Lomentariae

87 2072 271 2114 nomine
313 2071 611 2122 distributam,
658 2071 830 2114 neutris
873 2085 978 2113 vero
1017 2071 1217 2124 affinem,
1252 2070 1329 2112 sed
1363 2068 1667 2126 Chylocladiis

87 2148 138 2186 ut
184 2147 389 2199 putarem
439 2143 707 2199 proximam,
757 2156 920 2198 nempe
961 2146 1057 2184 tum
1105 2155 1186 2184 sua
1219 2145 1442 2184 structura
1473 2139 1665 2190 frondis,

87 2220 186 2257 tum
228 2229 309 2256 suo
342 2214 562 2270 adparatu
602 2214 765 2256 eximie
799 2213 1169 2262 characteristico,
1205 2226 1295 2268 quo
1328 2212 1668 2268 sphaerosporas

87 2286 135 2328 in
180 2286 346 2342 cryptis
387 2286 611 2328 immersis
648 2284 824 2328 frondis
857 2288 1075 2340 generant
1107 2284 1286 2340 Species
1319 2283 1376 2326 ad
1409 2283 1663 2326 Sectionem

87 2358 386 2412 Endodictyon
426 2371 453 2399 a
492 2371 564 2399 me
606 2356 756 2399 relatae
805 2360 848 2398 et
894 2355 942 2397 in
985 2355 1150 2411 quibus
1188 2359 1349 2411 typum
1393 2353 1664 2397 Genericum

88 2429 322 2484 proprium
355 2427 491 2471 latere
523 2428 702 2470 facilius
735 2441 916 2483 quoque
950 2427 1177 2482 quispiam
1215 2426 1529 2482 suspicaretur.
1596 2424 1665 2467 De

88 2499 158 2541 his
206 2499 372 2555 plantis
420 2499 556 2554 igitur
603 2499 756 2542 videas
804 2511 906 2554 quae
954 2512 1061 2540 mox
1108 2497 1228 2539 infra
1277 2496 1331 2539 de
1384 2495 1669 2552 Ghylocladiw

89 2571 427 2626 (Endodictyon)
459 2575 653 2614 catenata
684 2569 817 2612 hodie
850 2569 1026 2611 adferre
1059 2568 1239 2625 placuit.
