1779 3068
118 101 175 139 44
748 98 1072 140 GRAcrLARIAE.

263 215 339 256 sed
382 228 562 269 quoque
608 228 689 256 sua
731 214 1022 269 dispositione
1061 215 1169 259 alias
1203 232 1358 260 versus
1392 219 1572 262 cellulas
1607 221 1690 263 sibi

263 286 491 340 proximas
525 285 867 340 distinguendas
894 287 1050 341 putavi
1074 313 1131 317 —
1153 295 1450 344 congruentes
1473 291 1689 333 nimirum

263 370 344 398 sua
378 357 523 398 forma
556 356 891 411 quodammodo
925 371 1027 399 cum
1064 358 1160 408 illis,
1195 374 1307 414 quas
1341 365 1389 403 ut
1432 362 1689 418 Platycysti-

264 427 369 469 deas
418 441 522 468 mox
570 441 706 483 supra
754 427 1003 470 describere
1051 435 1237 472 conatus
1280 446 1402 483 sum;
1438 433 1552 475 hanc
1586 448 1694 476 vero

233 498 453 553 ,formam
488 502 585 540 tum
619 499 746 553 quasi
781 498 834 540 ad
871 513 1101 541 excessum
1143 501 1401 556 perductam
1437 504 1690 551 offerentes,

263 574 357 610 tum
408 569 524 610 hanc
572 570 767 611 formam
811 583 911 611 cum
956 570 1248 631 dispositione
1281 573 1389 616 alias
1428 589 1578 617 versus
1612 576 1690 618 cel·

263 641 375 682 lulas
410 641 637 695 proximas
662 641 846 682 omnino
871 641 1048 683 diversa
1070 644 1408 699 conjungentes.
1462 646 1691 694 Quaerenti

262 712 488 766 quomodo
522 712 744 767 ejusmodi
778 717 936 767 typum
974 713 1053 755 rite
1086 713 1382 770 designarem,
1419 717 1527 758 mihi
1560 717 1691 774 adpa-

262 783 403 824 ruisse
453 783 659 832 dicerem,
721 783 915 826 eundem
964 784 1056 839 jam
1106 791 1237 827 antea
1286 787 1330 828 in
1381 789 1691 844 terminologia

264 854 477 896 Botanica
525 854 802 909 designatam
856 856 1022 910 putavi,
1076 871 1238 912 nempe
1286 864 1363 900 aut
1405 874 1430 900 a
1463 860 1694 902 nonnullis

263 926 551 971 obvolutivam,
588 926 643 967 ab
677 927 775 968 aliis
807 927 1169 980 §emi-amplamm
1202 929 1318 971 hanc
1352 929 1690 973 denominatam

262 997 474 1039 obvenire
508 998 651 1044 (Confi.
688 998 872 1053 LzTizdlegs
907 999 1070 1041 Introd.
1108 1005 1144 1041 to
1179 1000 1362 1055 Rotam).
1393 1017 1435 1056 p.
1472 1003 1585 1057 410).

264 1140 341 1181 Sin
391 1154 495 1182 vero
544 1140 612 1181 his
662 1146 756 1182 tum
801 1156 853 1182 ex
890 1142 1035 1183 forma
1073 1146 1116 1183 et
1148 1143 1471 1197 magnitudine,
1507 1150 1604 1186 tuin
1639 1161 1693 1188 ex

119 1210 412 1266 dispositione
460 1211 720 1253 cellularum
766 1211 968 1254 deductis
1015 1213 1345 1256 characteribus
1379 1215 1487 1257 alios
1522 1216 1694 1272 Specie·

121 1296 219 1323 rum
271 1282 421 1337 Typos
466 1283 650 1324 indicari
694 1283 807 1343 jure
832 1284 1001 1338 optimo
1036 1298 1216 1339 quoque
1249 1286 1572 1328 assumendum
1606 1302 1690 1329 cre-

122 1352 287 1403 derem,
338 1368 419 1395 nec
467 1358 615 1395 tamen
660 1354 824 1396 idcirco
864 1354 1129 1409 denegarem
1166 1356 1247 1398 hos
1281 1358 1556 1400 characteres
1591 1358 1691 1413 plus

121 1425 271 1465 minus
315 1425 580 1480 conspicuos
619 1425 854 1480 provenire
888 1433 984 1467 tum
1019 1427 1064 1467 in
1099 1426 1196 1469 aliis
1231 1427 1472 1482 Speciebus
1506 1429 1692 1472 Generis

121 1495 375 1537 Gracilariae
409 1496 540 1538 hodie
575 1497 845 1545 numerosis;
885 1502 978 1538 tum
1014 1512 1193 1553 quoque
1227 1499 1528 1541 characterem
1563 1500 1690 1543 illum

121 1567 405 1621 peculiarem,
441 1582 574 1623 quein
609 1568 655 1609 in
690 1568 932 1623 Speciebus
975 1569 1338 1624 Plectocystideis
1372 1570 1541 1613 cellulae
1575 1586 1696 1613 assu-

121 1652 239 1680 mere
288 1639 491 1685 tendunt
543 1654 622 1695 pro
665 1645 792 1682 aetate
837 1641 1095 1695 speciminis
1135 1642 1226 1695 (aut
1260 1643 1396 1696 partis
1431 1642 1695 1698 observatae)

120 1709 219 1763 plus
256 1710 403 1751 minus
437 1710 665 1752 evolutum
701 1712 925 1758 obvenire,
961 1711 1331 1754 animadvertisse
1365 1712 1509 1768 placet
1579 1713 1694 1757 Sunt

121 1781 273 1822 forsan
324 1781 502 1836 Species
551 1783 659 1830 aliae„
711 1783 757 1824 in
806 1783 971 1837 quibus
1018 1783 1242 1838 ejusmodi
1277 1784 1577 1826 characterem
1614 1800 1695 1840 pro

122 1857 250 1894 aetate
294 1854 551 1907 speciminis
594 1868 752 1909 parum
788 1855 1081 1909 conspicuum
1117 1855 1353 1897 observare
1388 1855 1548 1905 liceret,
1584 1856 1691 1898 dum

119 1923 164 1964 in
199 1924 296 1965 aliis
331 1924 652 1979 speciminibus
687 1925 881 1967 eundem
914 1925 1248 1967 evidentissime
1282 1941 1361 1967 suo
1398 1927 1528 1968 modo
1564 1942 1694 1982 pecu-

121 1995 217 2036 liari
268 1996 490 2037 evolutam
534 1996 770 2038 ohservare
814 1997 952 2038 liceat.
1019 1997 1068 2037 In
1111 1997 1297 2045 Genere,
1333 1998 1582 2052 specierum
1618 2012 1696 2040 nu-·

124 2080 244 2107 mero
294 2073 430 2117 vasto,
473 2059 582 2122 quii]
626 2069 764 2110 immo
803 2070 952 2109 forsan
988 2069 1207 2123 conjicere
1241 2068 1390 2110 liceret
1423 2069 1531 2111 alias
1565 2070 1695 2112 obve-

121 2138 216 2179 nire
266 2138 426 2180 debere
476 2139 665 2194 Species.
712 2140 754 2180 in
802 2140 965 2194 quibus
1000 2139 1072 2180 alii
1108 2140 1385 2182 characteres
1420 2141 1563 2195 magis
1596 2155 1693 2183 evo-

121 2209 200 2250 luti
250 2210 596 2265 conspiciantur,
647 2212 774 2266 quasi
825 2211 973 2266 typici.
1022 2211 1118 2253 aliis
1164 2211 1406 2266 Speciebus
1440 2212 1595 2254 eodem
1632 2226 1691 2254 re-

121 2288 277 2334 spectu
312 2282 453 2337 magis
487 2282 811 2325 collidentibus.

264 2353 414 2408 Typos
462 2353 722 2398 cellularum
773 2354 992 2403 diversos,
1044 2369 1155 2409 quos
1204 2354 1249 2395 in
1299 2354 1396 2395 aliis
1451 2354 1692 2410 Speciebus

122 2423 377 2465 Gracilariae
420 2424 606 2467 Generis
640 2425 899 2480 dignoscere
933 2426 1101 2480 putavi,
1137 2426 1415 2480 comparanti
1452 2425 1575 2473 mihi,
1612 2426 1692 2467 t'or-

122 2509 243 2536 mam
277 2495 397 2536 illam
433 2496 708 2543 cellularum,
745 2511 880 2551 quam
928 2496 1267 2552 Platycystideis
1307 2496 1548 2552 Speciebus
1583 2497 1694 2552 typi-

121 2580 216 2607 cam
253 2566 357 2613 dixi,
394 2582 623 2622 quamque
658 2569 702 2609 in
738 2568 942 2622 plurimis
977 2568 1219 2623 Speciebus
1242 2568 1349 2609 olim
1373 2567 1427 2609 ad
1453 2568 1693 2623 Subgenus

122 2637 257 2678 Podei
306 2639 480 2689 relatas,
530 2654 610 2681 sua
655 2640 800 2681 forma
834 2639 1004 2681 frondis
1037 2639 1322 2694 complanata
1355 2638 1587 2680 distinctas
1621 2638 1693 2680 ob-

123 2709 377 2750 venientem
426 2710 540 2761 vidi;
591 2710 706 2752 hanc
755 2711 945 2752 formam
995 2710 1254 2752 cellularum
1306 2710 1589 2765 potissimum
1635 2709 1691 2751 ad

123 2795 219 2821 eam
274 2781 483 2823 accedere
537 2796 674 2836 quam
722 2781 1083 2836 Plectocystideis
1132 2781 1534 2823 characteristicam
1584 2780 1689 2829 dixi,

122 2856 256 2906 atque
297 2852 358 2894 ita
403 2853 654 2895 habituales
694 2853 923 2895 frondium
958 2854 1234 2896 characteres
1268 2851 1602 2908 quodammodo
1635 2851 1692 2893 ab
