1779 3068
97 111 153 152 24
703 107 1058 151 MICROGOELIAE.

91 228 137 269 in
173 227 327 282 planta
357 226 577 282 Japonioa
610 229 880 268 structuram
915 241 986 268 me
1019 226 1184 269 vidisse
1226 232 1357 283 puto;
1404 233 1449 270 at
1481 227 1664 270 cellulas

93 299 200 340 istas
233 297 521 353 majusculas,
556 311 679 339 nunc
711 296 912 352 singulas
936 297 981 339 in
1007 297 1155 340 media
1177 303 1302 354 parte
1324 298 1515 348 laminae,
1540 311 1664 341 nunc

92 368 296 424 geminas
341 372 385 410 et
425 367 527 424 plus
560 368 712 410 minus
744 368 790 409 in
825 368 1096 411 alternantes
1129 368 1362 412 distractas
1394 383 1466 411 me
1498 369 1667 412 vidisse

91 445 215 495 puto
287 439 487 481 Stratum
534 438 645 481 illud
694 438 871 480 filorum
920 441 1355 482 anastomosantium
1402 446 1665 482 contextum

91 510 185 553 vidi
233 511 317 552 filis
359 511 515 566 rigidis
554 516 861 553 anastomoses
895 511 1267 562 evidentissimas,
1303 512 1480 568 angulis
1513 516 1663 568 paten-

90 582 211 624 tibus
259 581 521 636 disjunctas,
571 584 706 635 atque
753 580 964 624 articulos
1010 595 1176 637 paucos
1209 583 1326 625 inter
1357 588 1666 625 anastomoses

90 653 320 708 proximos
368 652 618 694 offerentes.
683 651 753 692 Ex
800 651 898 707 ipsa
940 652 1224 695 formationis
1257 667 1415 695 norma
1449 658 1666 709 cystocar·

90 724 271 779 piorum
304 722 583 777 cystocarpia
616 725 694 763 aut
724 722 772 763 in
806 722 954 764 media
986 723 1144 765 fronde
1167 723 1357 780 singula,
1383 729 1460 766 aut
1482 725 1663 780 gemina

88 793 379 850 juxt-aposita,
405 797 482 834 aut
508 792 714 848 pluribus
737 792 799 834 ita
821 792 1147 849 adproximatis
1170 794 1300 849 quasi
1324 809 1477 837 sorum
1500 795 1665 851 majus-

89 866 243 907 culum
275 865 521 906 formantia
553 863 760 906 dicerem.
817 864 1022 920 Speciem
1054 865 1190 921 igitur
1212 866 1477 922 Japonieam
1503 867 1557 909 ad
1582 867 1664 923 Ty-

90 951 200 992 pum
235 934 574 991 Callophyllidis
609 939 651 976 et
679 935 946 990 Ectophorae
969 936 1113 992 magis
1136 937 1422 979 accedentem
1446 937 1663 989 dicerem;

90 1007 218 1063 quasi
251 1007 525 1060 Diploeoelioe
556 1006 795 1061 eujusdam
834 1007 1077 1049 sectionem
1112 1008 1342 1063 quandam
1375 1009 1664 1051 formantem.

234 1078 525 1120 Microcoeliae
568 1078 735 1128 Genus,
780 1092 1062 1134 quamquam
1103 1079 1166 1122 ita
1203 1081 1476 1136 proximum,
1512 1086 1665 1122 tamen

90 1151 255 1193 distare
308 1149 504 1192 dicerem
557 1149 713 1205 spatiis
764 1149 1169 1193 intercellularibus
1217 1152 1294 1193 vix
1341 1156 1460 1195 certo
1508 1151 1666 1194 ordine

90 1222 275 1270 seriatis,
310 1234 432 1262 nunc
459 1225 636 1262 tantum
660 1220 865 1275 geminis,
892 1220 969 1262 sed
993 1235 1111 1277 saepe
1133 1222 1338 1277 pluribus
1361 1223 1478 1265 inter
1500 1227 1667 1265 utram·

88 1308 176 1349 que
218 1293 432 1348 paginam
476 1293 815 1348 adproxhnatis,
863 1298 905 1335 et
937 1293 1161 1335 fasciculis
1194 1294 1373 1336 filorum
1408 1294 1665 1336 molliorum

89 1364 318 1419 sejunctis.
384 1363 494 1406 Haec
542 1364 628 1413 fila,
669 1364 819 1419 qualia
867 1363 1027 1406 eadem
1071 1364 1177 1415 vidi,
1213 1365 1325 1406 mihi
1358 1364 1668 1421 adparuerunt

88 1435 423 1485 moniliformia,
474 1435 618 1490 magis
666 1435 713 1476 in
753 1434 991 1477 fasciculos
1035 1435 1259 1479 molliores
1293 1437 1547 1492 conjuncta,
1582 1449 1667 1479 nec

88 1507 202 1549 mihi
244 1506 554 1562 adparentiam
589 1506 768 1548 filorum
802 1507 1240 1548 anastomosantium
1273 1507 1519 1563 praebuisse
1553 1507 1667 1550 dice-

88 1592 196 1620 rem.
272 1577 374 1626 Quo
422 1591 527 1620 vero
575 1577 710 1620 modo
758 1578 804 1619 in
853 1578 945 1620 suis
994 1579 1161 1634 cryptis
1213 1579 1469 1622 formantur
1517 1578 1665 1622 nuclei

88 1649 390 1704 Diplocoeliae‚
438 1649 594 1691 forsan
641 1648 770 1690 initio
813 1647 991 1704 singuli,
1027 1647 1132 1690 dein
1169 1649 1338 1704 gemini
1371 1649 1663 1702 confluentes,

87 1721 151 1763 ita
182 1721 229 1761 in
263 1719 555 1762 Microcoeliae
587 1719 738 1776 plures
772 1724 935 1762 coeunt
968 1720 1128 1771 nuclei,
1156 1735 1277 1763 nunc
1309 1721 1460 1763 forsan
1494 1721 1664 1777 gemini

88 1806 211 1835 nunc
258 1792 588 1834 numerosiores
621 1818 677 1821 —
711 1804 830 1848 saepe
877 1806 1022 1848 usque
1063 1794 1157 1834 4:05
1190 1793 1488 1835 coalescentes
1521 1792 1667 1835 obser-

88 1879 195 1907 vare
228 1864 396 1907 credidi
430 1864 522 1906 suis
554 1864 639 1906 filis
672 1863 1053 1906 intercedentibus
1086 1889 1144 1894 —-
1175 1869 1221 1906 at
1253 1878 1430 1920 semper
1463 1863 1664 1906 mollissi-

88 1936 174 1978 mis
208 1936 435 1990 sejunctos
458 1961 515 1965 —
538 1934 724 1977 demum
753 1935 801 1976 in
829 1933 991 1976 fronde
1013 1948 1040 1976 a
1062 1935 1228 1990 pagina
1250 1934 1499 1986 observata,
1525 1939 1666 1991 cysto-

88 2007 241 2062 carpia
273 2006 537 2048 mentientia
569 2005 657 2048 alia
689 2006 877 2053 minora„
911 2005 997 2047 alia
1031 2005 1101 2048 his
1134 2005 1545 2061 duplo-quadruplo
1574 2020 1662 2049 ma·

88 2078 185 2133 jora
217 2102 275 2106 ——
307 2076 543 2118 eoalitione
591 2075 901 2118 nucleolorum
947 2077 1155 2119 formata.
1219 2077 1273 2119 In
1305 2077 1562 2133 Ectophora
1594 2077 1664 2120 de-

88 2162 215 2190 mum
250 2152 376 2190 extra
407 2147 616 2190 frondem
651 2148 896 2198 sublevata,
931 2148 1209 2204 cystocarpia
1241 2150 1424 2205 propria
1447 2150 1663 2192 mentien-

88 2220 162 2271 tia,
198 2234 278 2262 sua
312 2219 407 2261 basi
441 2224 680 2270 contracta,
716 2223 760 2261 at
792 2223 1015 2275 quantum
1039 2219 1133 2261 vidi
1161 2220 1460 2275 earpostomio
1481 2221 1666 2277 proprio

89 2290 300 2334 distincta
356 2290 613 2334 obveniant.
688 2290 913 2333 Suadente
961 2290 1098 2346 igitur
1150 2290 1407 2346 Ectophora
1452 2291 1664 2335 frondem

88 2375 269 2418 quoque
315 2362 507 2418 propriis
544 2362 717 2404 laciniis
751 2361 1044 2412 subdivisam,
1078 2366 1176 2404 tum
1208 2361 1530 2417 Diploeoelfflm,
1565 2367 1662 2405 tum

88 2433 417 2483 Micmcoeliam,
452 2432 637 2475 frondes
669 2433 813 2488 magis
847 2447 959 2488 vage
983 2432 1150 2476 divisas
1173 2433 1423 2484 offerentes,
1447 2438 1663 2489 utrasque

88 2518 114 2546 a
146 2503 487 2560 Callophyllidis
519 2505 677 2546 formis
711 2504 955 2555 distinctas,
990 2503 1197 2546 lubenter
1228 2504 1570 2547 considerarem.

232 2574 317 2617 His
349 2575 560 2618 insistens
594 2575 798 2631 Speciem
830 2575 1110 2631 Japonicam,
1142 2575 1226 2617 sub
1258 2575 1442 2618 nomine
1470 2576 1658 2630 Calloph.

93 2645 303 2690 muzensis
335 2646 391 2689 ab
425 2638 655 2689 O'kamura
688 2646 987 2696 distributam,
1022 2650 1072 2689 ut
1104 2646 1348 2689 sectionem
1382 2645 1532 2689 saltim
1565 2660 1663 2702 pro-

89 2718 235 2772 priam
283 2717 622 2773 Callophyllidis
670 2717 855 2760 nomine
902 2718 1176 2772 Diplocoelioe
1213 2717 1567 2773 dignoscendam
1599 2717 1663 2760 lu-

88 2787 245 2830 benter
277 2802 567 2831 assumerem.
