1779 3068
709 76 1020 118 DASYPHLEAE.
1567 78 1649 118 109

227 197 381 238 Restat
415 195 609 250 denique
643 195 696 236 de
730 193 884 249 planta
907 193 1304 249 spliaerosporifera
1329 194 1487 244 dicere,
1513 209 1648 250 quam

83 282 165 310 suo
215 266 377 308 Generi
426 265 696 321 Dasyphleae
744 265 939 320 typicam
984 264 1285 307 consideravit
1318 265 1573 320 Montagne,
1609 272 1652 308 et

83 353 223 395 quam
256 343 410 393 postea
443 351 469 378 a
502 337 680 378 nemine
713 336 995 378 observatam
1030 341 1249 391 putarem,
1292 350 1570 392 quamquam
1604 338 1650 379 in

83 410 257 452 Genere
305 407 517 450 struendo
566 407 703 462 hujus
752 406 1096 456 characteribus,
1146 407 1300 462 quales
1348 407 1428 449 hos
1470 422 1495 449 a
1530 408 1649 450 Mon·

83 486 245 536 tagneo
298 479 557 533 descriptos,
611 478 836 532 praecipue
888 477 1022 518 fidem
1071 477 1220 519 datam
1271 478 1407 520 fuisse
1457 483 1649 533 putares.

84 551 301 595 Statuisse
349 549 563 591 nimirum
614 548 856 603 Montagne
900 548 1232 603 sphaerosporas
1278 549 1546 604 Dasyphleae
1580 550 1650 591 ob-

86 623 238 666 venire
271 621 465 663 zonatim
490 619 668 667 divisas,
695 618 966 673 easdemque
988 620 1191 673 generari
1215 621 1260 661 in
1285 621 1481 662 verrucis
1505 635 1653 662 nema-

84 692 346 738 thecioideis
394 705 530 746 supra
577 690 783 732 frondem
829 690 995 731 sensim
1039 691 1418 744 provenientibus.
1484 691 1650 732 Mirum

85 771 237 809 tamen
280 763 391 805 mihi
434 762 695 817 adparuisse
734 761 947 802 confiteor
979 761 1100 816 quod
1134 766 1280 817 partes
1314 762 1372 803 ita
1407 762 1651 817 descriptas

85 851 176 880 non
213 835 428 891 ampliore
460 834 642 875 iconum
676 832 894 887 adparatu
929 831 1174 887 descriptas
1217 832 1422 874 reddidit.
1488 833 1654 882 Quales

92 920 325 950 »verrucas
367 904 667 960 superficiales
709 903 1072 958 hemisphaericas
1105 918 1128 944 e
1161 903 1246 946 filis
1286 903 1564 945 radiantibus
1597 903 1652 945 ad

86 992 290 1021 normam
324 976 709 1019 nematheciorum
743 974 1012 1030 paralleliter
1044 975 1211 1028 junctis
1251 975 1545 1029 compositas»
1584 974 1652 1016 de-

88 1050 268 1105 scripsit
309 1047 573 1102 Montagne;
624 1046 733 1088 tales
767 1045 941 1087 facilius
975 1045 1166 1087 dicerem
1202 1045 1405 1100 pustulas
1439 1059 1512 1087 eas
1546 1045 1654 1086 indi-

86 1127 221 1171 catas,
270 1119 316 1161 in
365 1119 530 1174 quibus
579 1118 816 1160 fasciculos
859 1117 1207 1172 gemmidiorum
1243 1116 1499 1158 nidulantes
1534 1129 1655 1158 nunc

86 1192 291 1249 geminos
324 1190 579 1233 observavit
621 1189 817 1244 Harvey,
859 1203 981 1230 nunc
1014 1202 1194 1243 quoque
1228 1189 1376 1243 plures
1410 1202 1481 1229 me
1514 1187 1656 1229 obser-

86 1277 215 1306 vasse
248 1263 417 1318 putavi.
482 1262 608 1317 Ipsas
641 1276 745 1303 vero
779 1260 1112 1316 sphaerosporas
1145 1260 1190 1301 in
1224 1258 1447 1314 ejusmodi
1471 1258 1656 1301 verrucis

89 1334 302 1376 obvenire
351 1347 432 1375 nec
486 1333 766 1388 Harveyum,
816 1346 897 1373 nec
944 1345 1028 1379 me,
1079 1345 1160 1373 nec
1208 1331 1347 1372 alium
1395 1330 1655 1372 observasse

89 1405 204 1455 scio;
254 1419 336 1446 nec
379 1418 433 1446 ex
470 1404 674 1446 iconibus
707 1403 762 1445 ab
795 1403 892 1458 ipso
927 1403 1197 1457 Montagneo
1231 1401 1345 1443 datis
1379 1401 1655 1443 characteres

89 1477 151 1518 ita
198 1475 395 1518 redditos
444 1475 583 1517 fuisse
631 1479 765 1530 patet,
816 1478 865 1515 ut
913 1488 968 1515 ex
1015 1473 1084 1515 his
1127 1473 1181 1515 de
1214 1472 1434 1514 affinitate
1468 1471 1655 1513 Generis

90 1552 261 1590 certum
296 1546 525 1602 quoddam
556 1546 777 1602 judicium
811 1546 927 1588 ferre
961 1545 1137 1586 licuisse
1171 1549 1388 1599 putarem.
1455 1543 1657 1598 Sphaero-

90 1633 244 1674 sporas
279 1632 383 1660 vero
416 1618 537 1673 ipsas
569 1618 616 1659 in
650 1617 720 1659 his
753 1616 957 1672 generari
995 1617 1180 1658 amatim
1214 1615 1393 1664 divisas,
1427 1614 1473 1656 -id
1507 1618 1658 1655 tamen

89 1690 136 1732 in
186 1689 327 1731 cautis
376 1689 515 1731 fuisse
562 1693 684 1744 patet
731 1702 869 1743 quare
918 1687 972 1729 de
1014 1687 1236 1728 affinitate
1269 1685 1537 1741 Dasyphleae
1571 1684 1660 1738 opi-

89 1761 247 1803 niones
295 1774 431 1815 quam
481 1760 676 1801 maxime
726 1759 924 1801 diversas
967 1758 1222 1813 suppositas
1262 1757 1403 1799 fuisse
1436 1761 1657 1812 putarem.

90 1832 433 1888 Sphaerosporas
466 1832 585 1886 ipsas
618 1830 736 1886 quod
772 1831 943 1879 attinet,
978 1844 1060 1871 nec
1094 1829 1372 1883 Harveyum,
1409 1841 1488 1868 nec
1521 1826 1658 1868 alium

91 1908 245 1959 postea
293 1902 472 1945 easdem
521 1902 781 1944 observasse
828 1902 940 1952 scio;
981 1900 1100 1956 quod
1136 1905 1285 1942 autem
1321 1898 1499 1941 easdem
1532 1911 1659 1953 gene-

91 1975 177 2016 rari
211 1974 406 2016 zonatim
440 1973 619 2023 divisas,
654 1973 698 2015 id
733 1973 938 2015 omnium
970 1972 1140 2027 judicio
1173 1972 1328 2013 sistere
1356 1971 1659 2012 characterem

93 2046 192 2101 ejus
225 2046 540 2096 momenti,ut
577 2045 663 2087 hoc
705 2044 889 2100 jubente
931 2044 1186 2086 charactere
1220 2042 1484 2096 Harveyum
1519 2039 1661 2081 affini-

93 2189 184 2223 axili
222 2189 457 2231 instructam,
497 2192 579 2223 tum
617 2189 697 2223 suis
731 2189 1021 2232 gemmidiorum
1056 2186 1248 2221 fasciculis
1279 2185 1440 2229 geminis
1468 2194 1664 2226 recognos-

94 2249 251 2283 cendam
291 2249 439 2291 putavit
480 2250 648 2292 Harvey:
678 2244 938 2292 '(cystocarpia
976 2248 1107 2282 binata
1145 2246 1243 2280 dixit
1286 2244 1462 2288 Harvey),
1502 2243 1662 2285 singulis

94 2308 286 2342 fasciculis
319 2310 493 2351 (utroque
527 2308 644 2342 latere
680 2308 854 2352 siphonis
887 2307 1013 2349 axilis)
1038 2307 1145 2350 quasi
1173 2306 1212 2339 in
1239 2306 1408 2339 diversas
1435 2303 1662 2337 directiones

94 2368 351 2402 tendentibus.
402 2368 464 2401 Me
500 2369 580 2411 (cfr.
615 2367 654 2402 J.
683 2368 749 2412 Ay.
786 2367 932 2411 Morph.
968 2366 1109 2401 Florid.
1152 2365 1236 2399 Tab.
1270 2363 1396 2398 XVII
1421 2363 1487 2407 fiy.
1516 2361 1665 2404 11—13)

95 2437 245 2470 quoque
271 2428 508 2471 cystocarpia
533 2427 648 2471 hujus
676 2428 821 2471 Speciei
848 2438 949 2471 saepe
975 2427 1111 2460 offerre
1139 2425 1339 2459 fasciculos
1367 2423 1538 2466 geminos
1567 2432 1663 2463 gein-

96 2486 310 2528 midiorum‚
339 2487 451 2521 modo
477 2487 578 2521 dicto
604 2487 821 2530 dispositos,
854 2497 898 2520 eo
925 2486 1051 2530 potius
1078 2485 1192 2519 hodie
1219 2483 1476 2518 confitendum
1505 2482 1664 2523 videtur,

97 2556 214 2588 quum
246 2546 287 2579 in
319 2546 507 2589 ejusmodi
542 2546 793 2590 dispositione
826 2546 1055 2589 peculiarem
1082 2545 1271 2587 quendam
1299 2542 1454 2585 majoris
1482 2540 1664 2574 momenti

96 2605 351 2638 characterem
390 2615 430 2639 se
469 2606 611 2640 vidisse
649 2609 832 2649 putarunt
870 2605 1055 2639 nonnulli.
1106 2605 1152 2637 In
1190 2603 1399 2646 specimine
1436 2612 1523 2635 vero
1550 2609 1665 2642 supra

97 2663 287 2707 descripto
319 2663 469 2707 juniore
501 2676 562 2699 me
594 2667 743 2699 tantum
774 2665 929 2699 unicum
958 2664 1147 2708 ejusmodi
1174 2662 1397 2697 fasciculum
1425 2661 1662 2697 observasse;

96 2723 237 2766 saepius
275 2734 365 2758 vero
403 2724 574 2767 geminos
613 2725 756 2767 adesse,
796 2728 836 2758 at
867 2735 1017 2768 quoque
1050 2724 1205 2757 demum
1236 2731 1458 2756 numerosos
1485 2718 1665 2752 obvenire

99 2782 177 2815 vidi
217 2783 325 2824 quasi
363 2783 693 2818 semicirculariter
730 2787 796 2818 aut
834 2784 873 2818 in
913 2785 1041 2818 orbem
1082 2782 1300 2826 dispositos,
1333 2780 1445 2814 hodie
1472 2778 1664 2812 monuisse

99 2841 233 2884 placet.
