1779 3068
716 79 1042 120 GRACILARIAE.

782 197 880 251 fere
927 211 1040 250 (eque
1078 211 1159 250 per
1204 212 1341 239 omnes
1366 201 1516 251 paites
1547 211 1661 251 supe-

793 268 927 310 viores
958 268 1134 320 spavsis

93 368 162 410 53.
234 366 317 407 GR.
354 379 710 406 MULTIPARTITA
749 363 901 414 Clem.;
933 363 976 404 J.
1013 363 1094 415 Ay.
1131 363 1276 416 Epicr.
1306 377 1350 415 p.
1386 365 1488 405 423.

93 463 162 504 54.
234 461 317 503 GR.
354 473 728 501 'rmnAc'er'rEs
776 457 947 500 Crocum
988 457 1035 499 in
1076 458 1147 499 Fl.
1189 457 1368 500 Guadel.
1408 472 1454 510 p.
1496 460 1592 500 228
1611 457 1663 513 >i‘).

180 604 213 646 ³²)
239 604 322 645 GR.
359 616 732 644 TRIDACTYLITES
771 601 942 644 Crouan
984 600 1144 642 fronde
1183 600 1667 642 carnoso-membrana-

238 689 315 717 cea
347 674 632 729 complanata
665 672 1046 728 di-polychotoma
1079 671 1372 726 margineque
1395 671 1543 725 ligulis
1567 678 1666 713 con-

237 745 460 787 formibus
509 744 666 795 obsita,
716 758 823 785 mox
871 742 1059 797 singulis
1108 747 1443 797 segmentorum
1483 741 1669 783 flabellis

236 816 609 864 excrescentibus,
660 815 757 857 aliis
805 814 1070 864 terminalia,
1121 813 1218 855 aliis
1258 813 1458 855 lateralia
1490 813 1667 854 flabella

237 887 554 937 formantibus,
607 886 736 942 quasi
785 885 1102 940 decomposita,
1152 884 1411 926 rachidibus
1457 888 1553 925 tum
1586 888 1669 925 ter-

238 959 477 1001 minalium
510 963 607 1000 tum
639 957 892 999 lateralium
927 956 1271 1005 sublinearibus‚
1304 969 1482 997 sursum
1508 968 1669 1009 parum

241 1031 481 1086 conspicue
515 1029 934 1077 cuneato-dilatatis,
970 1027 1157 1069 flabellis
1191 1026 1546 1076 di-triohotomis,
1582 1039 1670 1067 om-

240 1102 374 1144 nibus
407 1102 454 1142 in
488 1101 636 1156 apices
672 1106 827 1142 tenues
860 1099 992 1154 longe
1024 1099 1304 1140 acuminatos
1347 1097 1670 1139 desinentibus.

312 1185 429 1227 Hab.
464 1184 520 1226 ad
554 1198 653 1226 oras
687 1183 827 1225 Indiae
860 1181 1170 1231 occidentalis;
1221 1180 1449 1236 specimen
1483 1179 1565 1222 sub
1598 1193 1673 1220 no-

313 1257 434 1298 mine
479 1256 553 1297 Gr.
589 1255 899 1310 multipartitae
932 1268 958 1294 a
992 1253 1108 1294 D:na
1140 1252 1246 1293 Hall
1280 1252 1483 1301 missum,
1518 1251 1572 1292 ad
1609 1250 1676 1292 S:t

316 1327 569 1382 Augustine
602 1325 767 1368 lectum
803 1324 1030 1379 descripsi.

246 1411 492 1454 comparanti
525 1410 619 1443 mihi
651 1408 985 1442 numerosissimas
1012 1408 1154 1440 formas
1181 1410 1219 1440 et
1245 1406 1409 1440 invicem
1436 1416 1514 1439 non
1540 1416 1675 1448 parum

101 1473 271 1506 diversas
309 1482 356 1504 ex
392 1470 553 1504 diversis
587 1469 755 1502 maribus
783 1468 959 1502 collectas
989 1465 1127 1501 Gracil.
1154 1464 1422 1509 multipartitoe‚
1450 1465 1573 1499 forma
1598 1464 1676 1506 illa,

100 1542 212 1574 quam
240 1541 340 1565 novo
367 1531 522 1566 nomine
549 1529 791 1563 salutandam
819 1528 973 1570 credidi,
1005 1527 1139 1560 eodem
1166 1526 1278 1559 modo
1306 1524 1591 1568 interpretanda
1617 1524 1677 1557 ad-

100 1592 237 1634 paruit,
270 1601 344 1633 quo
377 1590 540 1623 ducente
566 1592 648 1622 tum
676 1587 739 1622 Gr.
767 1587 1026 1629 secundatam‚
1054 1588 1136 1620 tum
1163 1585 1225 1619 Gr.
1255 1585 1521 1628 corymbosam
1548 1594 1569 1616 a
1595 1583 1676 1616 suis

101 1650 287 1693 proximis
324 1649 601 1692 dignoscendas
639 1647 783 1691 putavi.
834 1647 1023 1680 Rachides
1051 1645 1280 1688 principales
1308 1654 1440 1679 revera
1465 1643 1678 1677 obveniunt

102 1710 308 1743 admodum
341 1712 512 1752 angustae
548 1709 613 1743 vix
644 1708 785 1741 lineam
811 1706 1013 1740 latitudine
1039 1707 1263 1748 superantes
1291 1705 1330 1737 in
1357 1703 1488 1746 planta
1512 1703 1592 1736 fere
1617 1712 1679 1744 pe-

103 1770 190 1811 dali,
231 1772 268 1803 et
307 1769 347 1802 in
385 1779 564 1811 suprema
601 1778 671 1801 sua
706 1770 812 1810 parte
848 1765 1036 1799 latissima
1061 1765 1126 1799 vix
1153 1764 1423 1806 sesquilineam
1451 1764 1677 1805 superantes

101 1829 315 1862 latitudine.
367 1829 426 1861 Ab
460 1828 638 1861 inferiore
669 1826 775 1860 velut
800 1825 996 1868 superiore
1022 1826 1129 1867 parte
1154 1823 1320 1857 rachidis
1348 1822 1474 1865 pinnae
1502 1823 1677 1864 patentes

102 1891 254 1929 exeunt,
294 1888 377 1921 aliae
418 1887 592 1930 pollicem
632 1885 870 1928 longitudine
908 1895 1043 1927 parum
1079 1885 1316 1926 superantes,
1344 1881 1426 1915 aliae
1453 1879 1547 1914 3—4
1573 1878 1679 1923 polli-

103 1958 209 1982 cares
237 1947 320 1980 sine
347 1947 479 1980 ordine
505 1947 603 1980 bene
630 1945 836 1988 conspicuo
864 1944 1004 1984 mixtae,
1032 1952 1164 1976 omnes
1191 1951 1357 1984 superne
1382 1940 1540 1973 ramulis
1567 1939 1679 1973 novis

105 2007 365 2041 erectiusculis
392 2007 432 2039 in
458 2016 559 2040 nova
584 2005 735 2038 flabella
768 2003 1077 2047 properantibus;
1118 2001 1201 2034 aliis
1238 2003 1366 2034 autem
1403 1998 1680 2042 principalibus

105 2067 214 2109 quasi
255 2077 324 2099 sua
362 2067 514 2108 propria
553 2064 703 2098 flabella
736 2063 1017 2106 generantibus,
1054 2061 1137 2094 aliis
1171 2060 1340 2101 minutis,
1369 2059 1522 2092 demum
1549 2058 1680 2091 forsan

105 2136 175 2159 suo
214 2125 346 2159 ordine
385 2124 708 2158 excrescentibus.
758 2124 891 2156 Totam
932 2122 1100 2164 plantam
1141 2130 1339 2154 carnosam
1379 2121 1416 2152 et
1449 2127 1680 2161 purpuream

105 2185 195 2220 vidi.
247 2185 407 2218 Frondis
446 2187 591 2227 partem
632 2183 686 2216 ita
720 2185 937 2225 generatam
968 2179 1206 2222 longitudine
1233 2178 1361 2212 saltim
1388 2177 1560 2220 pedalem
1590 2175 1680 2218 vidi,

105 2244 267 2278 flabellis
300 2244 520 2277 lateralibus
554 2243 702 2277 circiter
738 2241 976 2283 longitudine
1002 2240 1095 2273 4—ss
1123 2238 1378 2282 pollicaribus,
1406 2239 1443 2270 et
1468 2237 1547 2269 fere
1574 2245 1682 2277 aeque

104 2303 309 2338 latitudine
335 2303 515 2346 expansis
543 2303 607 2336 ubi
635 2304 832 2344 segmenta
858 2311 972 2343 quam
999 2299 1166 2333 maxime
1197 2297 1434 2340 divergentia
1459 2295 1547 2330 vidi.
1600 2293 1682 2328 Oel-

106 2364 203 2398 lulas
243 2363 389 2398 frondis
429 2362 727 2406 platycystideas
767 2360 856 2401 vidi,
896 2363 933 2393 et
972 2359 1098 2402 potius
1135 2367 1372 2400 compressas
1403 2366 1517 2398 quam
1544 2354 1614 2387 rite
1640 2353 1681 2386 in

107 2424 297 2458 exsiccata
323 2423 570 2461 collabentes;
600 2432 668 2455 nec
695 2421 858 2464 parietes
885 2419 1106 2453 cellularum
1132 2418 1212 2451 suis
1240 2416 1448 2460 parietibus
1476 2413 1682 2448 admodum

108 2483 291 2517 flexuosis
331 2482 587 2516 substantiam
623 2481 742 2523 magis
769 2490 967 2513 succosam
993 2478 1223 2516 indicantes3
1251 2476 1407 2509 intimas
1434 2473 1588 2508 cellulas
1615 2481 1685 2505 sua

108 2543 317 2577 directione
350 2542 540 2584 margines
574 2551 706 2575 versus
741 2539 887 2573 frondis
914 2538 1062 2571 circiter
1088 2537 1201 2579 triplo
1228 2535 1417 2578 longiores
1444 2544 1557 2575 quam
1585 2530 1683 2574 pagi-

108 2613 176 2635 nas
216 2613 348 2636 versus
388 2612 534 2635 crassas
574 2600 662 2635 vidi.
714 2599 889 2632 Plantam
924 2601 1054 2631 tamen
1081 2596 1249 2629 sterilem
1276 2605 1337 2627 me
1363 2595 1513 2627 tantum
1540 2590 1683 2625 vidisse

109 2662 253 2696 dixisse
279 2662 414 2704 placet.

251 2722 356 2754 Inter
394 2720 555 2763 plantas,
591 2729 685 2761 quas
722 2718 770 2752 ab
802 2716 1031 2751 Auctoribus
1058 2714 1183 2748 Florae
1211 2709 1521 2754 Guadeloupensis
1546 2708 1683 2742 missas

110 2781 238 2822 habui,
278 2780 473 2823 specimen
509 2779 589 2813 vidi
624 2777 779 2811 nomine
806 2775 986 2809 Plocariae
1012 2773 1262 2816 tridactylites
1289 2771 1528 2813 inscriptum,
1556 2770 1593 2802 et
1618 2777 1684 2800 nu·

111 2850 214 2873 mero
243 2839 330 2872 1641
360 2842 545 2879 notatum,
572 2837 673 2880 quod
700 2839 869 2870 nostram
897 2835 1067 2877 plantam
1094 2833 1229 2866 sistere
1265 2831 1511 2873 conjicerem;
1548 2830 1586 2861 at
1611 2827 1684 2860 hoc
