<?xml version="1.0" encoding="UTF-8"?>
<!DOCTYPE html PUBLIC "-//W3C//DTD XHTML 1.0 Transitional//EN"
    "http://www.w3.org/TR/xhtml1/DTD/xhtml1-transitional.dtd">
<html xmlns="http://www.w3.org/1999/xhtml" xml:lang="en" lang="en">
 <head>
  <title>
</title>
<meta http-equiv="Content-Type" content="text/html;charset=utf-8" />
  <meta name='ocr-system' content='tesseract 3.04.00' />
  <meta name='ocr-capabilities' content='ocr_page ocr_carea ocr_par ocr_line ocrx_word'/>
</head>
<body>
  <div class='ocr_page' id='page_1' title='image "./speciesgeneraeto0304agar_0117.png"; bbox 0 0 1779 3068; ppageno 0'>
   <div class='ocr_carea' id='block_1_1' title="bbox 774 72 1674 146">
    <p class='ocr_par' dir='ltr' id='par_1_1' title="bbox 774 72 1674 146">
     <span class='ocr_line' id='line_1_1' title="bbox 774 72 1674 146; baseline 0 0"><span class='ocrx_word' id='word_1_1' title='bbox 774 72 1022 146; x_wconf 41' lang='lat' dir='ltr'><strong>Cussnmffls</strong></span> <span class='ocrx_word' id='word_1_2' title='bbox 1594 106 1674 146; x_wconf 85' lang='lat'><strong>103</strong></span> 
     </span>
    </p>
   </div>
   <div class='ocr_carea' id='block_1_2' title="bbox 114 326 1674 483">
    <p class='ocr_par' dir='ltr' id='par_1_2' title="bbox 114 326 1674 483">
     <span class='ocr_line' id='line_1_2' title="bbox 114 326 1674 395; baseline 0.001 -17"><span class='ocrx_word' id='word_1_3' title='bbox 114 326 230 378; x_wconf 90' lang='lat' dir='ltr'>VII.</span> <span class='ocrx_word' id='word_1_4' title='bbox 295 326 375 378; x_wconf 92' lang='lat' dir='ltr'><strong>De</strong></span> <span class='ocrx_word' id='word_1_5' title='bbox 415 326 634 378; x_wconf 90' lang='lat' dir='ltr'><strong>Formis</strong></span> <span class='ocrx_word' id='word_1_6' title='bbox 674 328 1033 395; x_wconf 86' lang='lat' dir='ltr'><strong>quibusdam,</strong></span> <span class='ocrx_word' id='word_1_7' title='bbox 1076 328 1213 379; x_wconf 90' lang='lat' dir='ltr'><strong>mihi</strong></span> <span class='ocrx_word' id='word_1_8' title='bbox 1253 328 1431 390; x_wconf 82' lang='lat' dir='ltr'><strong>noviS,</strong></span> <span class='ocrx_word' id='word_1_9' title='bbox 1474 327 1674 380; x_wconf 83' lang='lat' dir='ltr'><strong>Generi</strong></span> 
     </span>
     <span class='ocr_line' id='line_1_3' title="bbox 187 414 1601 483; baseline 0.001 -17"><span class='ocrx_word' id='word_1_10' title='bbox 187 415 453 467; x_wconf 84' lang='lat' dir='ltr'><strong>CURDIEAE</strong></span> <span class='ocrx_word' id='word_1_11' title='bbox 501 414 685 477; x_wconf 81' lang='lat' dir='ltr'><strong>hodie,</strong></span> <span class='ocrx_word' id='word_1_12' title='bbox 726 420 786 466; x_wconf 81' lang='lat' dir='ltr'><strong>ut</strong></span> <span class='ocrx_word' id='word_1_13' title='bbox 826 421 1101 483; x_wconf 83' lang='lat' dir='ltr'><strong>putarem,</strong></span> <span class='ocrx_word' id='word_1_14' title='bbox 1143 416 1601 468; x_wconf 77' lang='lat' dir='ltr'>adnumerandis,</span> 
     </span>
    </p>
   </div>
   <div class='ocr_carea' id='block_1_3' title="bbox 109 580 1680 1630">
    <p class='ocr_par' dir='ltr' id='par_1_3' title="bbox 109 580 1680 1630">
     <span class='ocr_line' id='line_1_4' title="bbox 256 580 1678 636; baseline 0.001 -13"><span class='ocrx_word' id='word_1_15' title='bbox 256 581 519 636; x_wconf 83' lang='lat' dir='ltr'><strong>Harveyum</strong></span> <span class='ocrx_word' id='word_1_16' title='bbox 552 580 636 622; x_wconf 92' lang='lat' dir='ltr'><strong>sub</strong></span> <span class='ocrx_word' id='word_1_17' title='bbox 668 581 852 622; x_wconf 86' lang='lat' dir='ltr'><strong>nomine</strong></span> <span class='ocrx_word' id='word_1_18' title='bbox 885 580 1088 622; x_wconf 83' lang='lat' dir='ltr'><strong>Gurdieae</strong></span> <span class='ocrx_word' id='word_1_19' title='bbox 1121 581 1273 623; x_wconf 90' lang='lat' dir='ltr'><strong>Genus</strong></span> <span class='ocrx_word' id='word_1_20' title='bbox 1306 581 1550 624; x_wconf 82' lang='lat' dir='ltr'><strong>instituisse</strong></span> <span class='ocrx_word' id='word_1_21' title='bbox 1578 596 1678 624; x_wconf 91' lang='lat' dir='ltr'><strong>con-</strong></span> 
     </span>
     <span class='ocr_line' id='line_1_5' title="bbox 112 651 1675 707; baseline 0 -12"><span class='ocrx_word' id='word_1_22' title='bbox 112 657 211 701; x_wconf 82' lang='lat' dir='ltr'><strong>stat,</strong></span> <span class='ocrx_word' id='word_1_23' title='bbox 261 652 392 707; x_wconf 81' lang='lat' dir='ltr'><strong>cujus</strong></span> <span class='ocrx_word' id='word_1_24' title='bbox 445 651 647 707; x_wconf 81' lang='lat' dir='ltr'><strong>Speciem</strong></span> <span class='ocrx_word' id='word_1_25' title='bbox 695 651 894 707; x_wconf 83' lang='lat' dir='ltr'><strong>typicam</strong></span> <span class='ocrx_word' id='word_1_26' title='bbox 949 652 1010 706; x_wconf 86' lang='lat' dir='ltr'><strong>(in</strong></span> <span class='ocrx_word' id='word_1_27' title='bbox 1057 652 1227 705; x_wconf 74' lang='lat' dir='ltr'><strong>Plcycol.</strong></span> <span class='ocrx_word' id='word_1_28' title='bbox 1278 651 1422 694; x_wconf 74' lang='lat' dir='ltr'><strong>Austr.</strong></span> <span class='ocrx_word' id='word_1_29' title='bbox 1470 654 1546 695; x_wconf 77' lang='lat' dir='ltr'><strong>sub</strong></span> <span class='ocrx_word' id='word_1_30' title='bbox 1593 655 1675 696; x_wconf 80' lang='lat' dir='ltr'><strong>tab.</strong></span> 
     </span>
     <span class='ocr_line' id='line_1_6' title="bbox 116 722 1678 778; baseline 0 -12"><span class='ocrx_word' id='word_1_31' title='bbox 116 724 347 766; x_wconf 89' lang='lat' dir='ltr'><strong><em>XXXIX</em></strong></span> <span class='ocrx_word' id='word_1_32' title='bbox 389 722 640 778; x_wconf 77' lang='lat' dir='ltr'><strong>depictam),</strong></span> <span class='ocrx_word' id='word_1_33' title='bbox 681 725 904 764; x_wconf 83' lang='lat' dir='ltr'><strong>structura</strong></span> <span class='ocrx_word' id='word_1_34' title='bbox 936 726 980 764; x_wconf 92' lang='lat' dir='ltr'><strong>et</strong></span> <span class='ocrx_word' id='word_1_35' title='bbox 1011 729 1201 777; x_wconf 84' lang='lat' dir='ltr'><strong>utroque</strong></span> <span class='ocrx_word' id='word_1_36' title='bbox 1234 723 1393 773; x_wconf 80' lang='lat' dir='ltr'><strong>fructu,</strong></span> <span class='ocrx_word' id='word_1_37' title='bbox 1430 737 1509 765; x_wconf 89' lang='lat' dir='ltr'><strong>suo</strong></span> <span class='ocrx_word' id='word_1_38' title='bbox 1544 723 1678 766; x_wconf 88' lang='lat' dir='ltr'><strong>modo</strong></span> 
     </span>
     <span class='ocr_line' id='line_1_7' title="bbox 112 793 1676 849; baseline -0.001 -12"><span class='ocrx_word' id='word_1_39' title='bbox 112 799 180 837; x_wconf 90' lang='lat' dir='ltr'><strong>sat</strong></span> <span class='ocrx_word' id='word_1_40' title='bbox 212 793 324 836; x_wconf 90' lang='lat' dir='ltr'><strong>bene</strong></span> <span class='ocrx_word' id='word_1_41' title='bbox 357 793 598 836; x_wconf 81' lang='lat' dir='ltr'><strong>fundatum</strong></span> <span class='ocrx_word' id='word_1_42' title='bbox 631 793 972 836; x_wconf 81' lang='lat' dir='ltr'><strong>considerarunt</strong></span> <span class='ocrx_word' id='word_1_43' title='bbox 1004 793 1300 849; x_wconf 89' lang='lat' dir='ltr'><strong>Systematici.</strong></span> <span class='ocrx_word' id='word_1_44' title='bbox 1350 793 1510 836; x_wconf 83' lang='lat' dir='ltr'><strong>Postea</strong></span> <span class='ocrx_word' id='word_1_45' title='bbox 1542 795 1676 836; x_wconf 88' lang='lat' dir='ltr'><strong>aliam</strong></span> 
     </span>
     <span class='ocr_line' id='line_1_8' title="bbox 112 864 1678 921; baseline -0.001 -13"><span class='ocrx_word' id='word_1_46' title='bbox 112 865 315 921; x_wconf 82' lang='lat' dir='ltr'><strong>Speciem</strong></span> <span class='ocrx_word' id='word_1_47' title='bbox 355 865 397 908; x_wconf 79' lang='lat' dir='ltr'><strong>O.</strong></span> <span class='ocrx_word' id='word_1_48' title='bbox 424 867 657 907; x_wconf 79' lang='lat' dir='ltr'><strong>obtusatam</strong></span> <span class='ocrx_word' id='word_1_49' title='bbox 689 864 1031 919; x_wconf 84' lang='lat' dir='ltr'><strong>congenericam</strong></span> <span class='ocrx_word' id='word_1_50' title='bbox 1065 878 1168 906; x_wconf 87' lang='lat' dir='ltr'><strong>eum</strong></span> <span class='ocrx_word' id='word_1_51' title='bbox 1203 865 1505 920; x_wconf 82' lang='lat' dir='ltr'><strong>supposuisse,</strong></span> <span class='ocrx_word' id='word_1_52' title='bbox 1541 879 1678 920; x_wconf 86' lang='lat' dir='ltr'><strong>quam</strong></span> 
     </span>
     <span class='ocr_line' id='line_1_9' title="bbox 110 935 1677 992; baseline 0 -14"><span class='ocrx_word' id='word_1_53' title='bbox 110 950 216 979; x_wconf 87' lang='lat' dir='ltr'><strong>vero</strong></span> <span class='ocrx_word' id='word_1_54' title='bbox 262 940 449 992; x_wconf 80' lang='lat' dir='ltr'><strong>egomet,</strong></span> <span class='ocrx_word' id='word_1_55' title='bbox 484 939 639 991; x_wconf 87' lang='lat' dir='ltr'><strong>utpote</strong></span> <span class='ocrx_word' id='word_1_56' title='bbox 677 939 901 978; x_wconf 84' lang='lat' dir='ltr'><strong>structura</strong></span> <span class='ocrx_word' id='word_1_57' title='bbox 932 935 1074 991; x_wconf 88' lang='lat' dir='ltr'><strong>ipsius</strong></span> <span class='ocrx_word' id='word_1_58' title='bbox 1106 935 1372 991; x_wconf 86' lang='lat' dir='ltr'><strong>cystocarpii</strong></span> <span class='ocrx_word' id='word_1_59' title='bbox 1406 935 1677 987; x_wconf 84' lang='lat' dir='ltr'><strong>distinctam,</strong></span> 
     </span>
     <span class='ocr_line' id='line_1_10' title="bbox 110 1006 1680 1062; baseline -0.001 -12"><span class='ocrx_word' id='word_1_60' title='bbox 110 1012 161 1050; x_wconf 91' lang='lat' dir='ltr'><strong>ut</strong></span> <span class='ocrx_word' id='word_1_61' title='bbox 191 1021 309 1050; x_wconf 90' lang='lat' dir='ltr'><strong>novo</strong></span> <span class='ocrx_word' id='word_1_62' title='bbox 343 1007 506 1049; x_wconf 86' lang='lat' dir='ltr'><strong>Generi</strong></span> <span class='ocrx_word' id='word_1_63' title='bbox 538 1007 734 1062; x_wconf 83' lang='lat' dir='ltr'><strong>typicam</strong></span> <span class='ocrx_word' id='word_1_64' title='bbox 768 1006 1141 1048; x_wconf 88' lang='lat' dir='ltr'><strong>considerandam</strong></span> <span class='ocrx_word' id='word_1_65' title='bbox 1165 1006 1345 1048; x_wconf 87' lang='lat' dir='ltr'><strong>credidi.</strong></span> <span class='ocrx_word' id='word_1_66' title='bbox 1395 1006 1556 1049; x_wconf 86' lang='lat' dir='ltr'><strong>Postea</strong></span> <span class='ocrx_word' id='word_1_67' title='bbox 1578 1008 1680 1061; x_wconf 67' lang='lat' dir='ltr'><strong>Epi-</strong></span> 
     </span>
     <span class='ocr_line' id='line_1_11' title="bbox 111 1077 1677 1132; baseline -0.002 -10"><span class='ocrx_word' id='word_1_68' title='bbox 111 1079 243 1122; x_wconf 74' lang='lat' dir='ltr'><strong>crisin</strong></span> <span class='ocrx_word' id='word_1_69' title='bbox 277 1078 487 1129; x_wconf 88' lang='lat' dir='ltr'><strong>scribens,</strong></span> <span class='ocrx_word' id='word_1_70' title='bbox 514 1078 626 1120; x_wconf 89' lang='lat' dir='ltr'><strong>duas</strong></span> <span class='ocrx_word' id='word_1_71' title='bbox 656 1077 765 1119; x_wconf 89' lang='lat' dir='ltr'><strong>alias</strong></span> <span class='ocrx_word' id='word_1_72' title='bbox 789 1078 957 1119; x_wconf 80' lang='lat' dir='ltr'><strong>formas</strong></span> <span class='ocrx_word' id='word_1_73' title='bbox 983 1077 1146 1119; x_wconf 84' lang='lat' dir='ltr'><strong>Generi</strong></span> <span class='ocrx_word' id='word_1_74' title='bbox 1170 1078 1444 1132; x_wconf 86' lang='lat' dir='ltr'><strong>pertinentes</strong></span> <span class='ocrx_word' id='word_1_75' title='bbox 1467 1078 1677 1129; x_wconf 88' lang='lat' dir='ltr'><strong>assumsi;</strong></span> 
     </span>
     <span class='ocr_line' id='line_1_12' title="bbox 109 1148 1679 1205; baseline -0.001 -13"><span class='ocrx_word' id='word_1_76' title='bbox 109 1154 245 1205; x_wconf 88' lang='lat' dir='ltr'><strong>atque</strong></span> <span class='ocrx_word' id='word_1_77' title='bbox 293 1149 478 1192; x_wconf 89' lang='lat' dir='ltr'><strong>demum</strong></span> <span class='ocrx_word' id='word_1_78' title='bbox 525 1149 573 1190; x_wconf 91' lang='lat' dir='ltr'><strong>in</strong></span> <span class='ocrx_word' id='word_1_79' title='bbox 615 1148 744 1192; x_wconf 72' lang='lat' dir='ltr'><strong>Anal.</strong></span> <span class='ocrx_word' id='word_1_80' title='bbox 779 1149 917 1203; x_wconf 67' lang='lat' dir='ltr'><em>Alyol.</em></span> <span class='ocrx_word' id='word_1_81' title='bbox 959 1149 1076 1191; x_wconf 70' lang='lat' dir='ltr'><strong>Com.</strong></span> <span class='ocrx_word' id='word_1_82' title='bbox 1109 1150 1147 1190; x_wconf 90' lang='grc' dir='ltr'><strong>Ι.</strong></span> <span class='ocrx_word' id='word_1_83' title='bbox 1176 1164 1223 1202; x_wconf 76' lang='lat' dir='ltr'><strong>p.</strong></span> <span class='ocrx_word' id='word_1_84' title='bbox 1258 1153 1343 1191; x_wconf 79' lang='lat'><strong>135</strong></span> <span class='ocrx_word' id='word_1_85' title='bbox 1381 1149 1464 1191; x_wconf 89' lang='lat' dir='ltr'><strong>sub</strong></span> <span class='ocrx_word' id='word_1_86' title='bbox 1498 1149 1679 1191; x_wconf 90' lang='lat' dir='ltr'><strong>nomine</strong></span> 
     </span>
     <span class='ocr_line' id='line_1_13' title="bbox 115 1211 1680 1275; baseline -0.002 -11"><span class='ocrx_word' id='word_1_87' title='bbox 115 1221 242 1265; x_wconf 80' lang='lat' dir='ltr'><strong>Curd.</strong></span> <span class='ocrx_word' id='word_1_88' title='bbox 279 1221 463 1264; x_wconf 77' lang='lat' dir='ltr'><strong>Irvinece</strong></span> <span class='ocrx_word' id='word_1_89' title='bbox 509 1224 606 1262; x_wconf 90' lang='lat' dir='ltr'><strong>tum</strong></span> <span class='ocrx_word' id='word_1_90' title='bbox 654 1219 788 1262; x_wconf 88' lang='lat' dir='ltr'><strong>aliam</strong></span> <span class='ocrx_word' id='word_1_91' title='bbox 833 1220 1035 1275; x_wconf 81' lang='lat' dir='ltr'><strong>Speciem</strong></span> <span class='ocrx_word' id='word_1_92' title='bbox 1083 1219 1320 1275; x_wconf 87' lang='lat' dir='ltr'><strong>descripsi;</strong></span> <span class='ocrx_word' id='word_1_93' title='bbox 1354 1211 1450 1261; x_wconf 87' lang='lat' dir='ltr'><strong>tum</strong></span> <span class='ocrx_word' id='word_1_94' title='bbox 1485 1219 1680 1275; x_wconf 87' lang='lat' dir='ltr'><strong>denique</strong></span> 
     </span>
     <span class='ocr_line' id='line_1_14' title="bbox 109 1290 1680 1346; baseline -0.001 -12"><span class='ocrx_word' id='word_1_95' title='bbox 109 1293 157 1334; x_wconf 92' lang='lat' dir='ltr'><strong>in</strong></span> <span class='ocrx_word' id='word_1_96' title='bbox 204 1293 334 1335; x_wconf 75' lang='lat' dir='ltr'><strong>Anal.</strong></span> <span class='ocrx_word' id='word_1_97' title='bbox 369 1292 468 1346; x_wconf 69' lang='lat' dir='ltr'><strong>Aly.</strong></span> <span class='ocrx_word' id='word_1_98' title='bbox 508 1290 623 1334; x_wconf 73' lang='lat' dir='ltr'><strong>Com.</strong></span> <span class='ocrx_word' id='word_1_99' title='bbox 657 1292 753 1333; x_wconf 89' lang='lat' dir='ltr'><em>III.</em></span> <span class='ocrx_word' id='word_1_100' title='bbox 781 1307 827 1346; x_wconf 76' lang='lat' dir='ltr'><strong>p.</strong></span> <span class='ocrx_word' id='word_1_101' title='bbox 864 1296 920 1333; x_wconf 80' lang='lat'><strong>95</strong></span> <span class='ocrx_word' id='word_1_102' title='bbox 969 1290 1023 1332; x_wconf 90' lang='lat' dir='ltr'><strong>de</strong></span> <span class='ocrx_word' id='word_1_103' title='bbox 1065 1291 1337 1346; x_wconf 84' lang='lat' dir='ltr'><strong>quibusdam</strong></span> <span class='ocrx_word' id='word_1_104' title='bbox 1370 1291 1540 1341; x_wconf 85' lang='lat' dir='ltr'><strong>formis,</strong></span> <span class='ocrx_word' id='word_1_105' title='bbox 1575 1291 1680 1333; x_wconf 80' lang='lat' dir='ltr'><strong>faci-</strong></span> 
     </span>
     <span class='ocr_line' id='line_1_15' title="bbox 109 1361 1678 1418; baseline -0.001 -13"><span class='ocrx_word' id='word_1_106' title='bbox 109 1364 195 1406; x_wconf 89' lang='lat' dir='ltr'><strong>lius</strong></span> <span class='ocrx_word' id='word_1_107' title='bbox 243 1362 571 1418; x_wconf 84' lang='lat' dir='ltr'><strong>comparandis,</strong></span> <span class='ocrx_word' id='word_1_108' title='bbox 621 1362 847 1417; x_wconf 89' lang='lat' dir='ltr'><strong>quomodo</strong></span> <span class='ocrx_word' id='word_1_109' title='bbox 895 1361 1198 1417; x_wconf 84' lang='lat' dir='ltr'><strong>intelligendae</strong></span> <span class='ocrx_word' id='word_1_110' title='bbox 1246 1361 1506 1404; x_wconf 86' lang='lat' dir='ltr'><strong>viderentur</strong></span> <span class='ocrx_word' id='word_1_111' title='bbox 1556 1375 1678 1404; x_wconf 88' lang='lat' dir='ltr'><strong>meas</strong></span> 
     </span>
     <span class='ocr_line' id='line_1_16' title="bbox 111 1433 1679 1490; baseline -0.002 -13"><span class='ocrx_word' id='word_1_112' title='bbox 111 1434 241 1478; x_wconf 84' lang='lat' dir='ltr'><strong>attuli</strong></span> <span class='ocrx_word' id='word_1_113' title='bbox 274 1434 617 1490; x_wconf 86' lang='lat' dir='ltr'><strong>suppositiones.</strong></span> <span class='ocrx_word' id='word_1_114' title='bbox 669 1433 959 1488; x_wconf 74' lang='lat' dir='ltr'><strong>Quamquam</strong></span> <span class='ocrx_word' id='word_1_115' title='bbox 992 1433 1129 1488; x_wconf 84' lang='lat' dir='ltr'><strong>igitur</strong></span> <span class='ocrx_word' id='word_1_116' title='bbox 1151 1437 1327 1474; x_wconf 86' lang='lat' dir='ltr'><strong>tantum</strong></span> <span class='ocrx_word' id='word_1_117' title='bbox 1352 1447 1518 1488; x_wconf 88' lang='lat' dir='ltr'><strong>paucas</strong></span> <span class='ocrx_word' id='word_1_118' title='bbox 1541 1433 1679 1488; x_wconf 84' lang='lat' dir='ltr'><strong>hujus</strong></span> 
     </span>
     <span class='ocr_line' id='line_1_17' title="bbox 113 1503 1680 1561; baseline -0.001 -13"><span class='ocrx_word' id='word_1_119' title='bbox 113 1505 300 1548; x_wconf 87' lang='lat' dir='ltr'><strong>Generis</strong></span> <span class='ocrx_word' id='word_1_120' title='bbox 344 1505 523 1561; x_wconf 90' lang='lat' dir='ltr'><strong>Species</strong></span> <span class='ocrx_word' id='word_1_121' title='bbox 564 1504 698 1546; x_wconf 89' lang='lat' dir='ltr'><strong>hodie</strong></span> <span class='ocrx_word' id='word_1_122' title='bbox 732 1504 932 1559; x_wconf 85' lang='lat' dir='ltr'><strong>cognitas</strong></span> <span class='ocrx_word' id='word_1_123' title='bbox 965 1504 1172 1555; x_wconf 85' lang='lat' dir='ltr'><strong>dicerem,</strong></span> <span class='ocrx_word' id='word_1_124' title='bbox 1206 1508 1357 1546; x_wconf 89' lang='lat' dir='ltr'><strong>tamen</strong></span> <span class='ocrx_word' id='word_1_125' title='bbox 1390 1503 1538 1558; x_wconf 86' lang='lat' dir='ltr'><strong>plures</strong></span> <span class='ocrx_word' id='word_1_126' title='bbox 1571 1503 1680 1546; x_wconf 90' lang='lat' dir='ltr'><strong>alias</strong></span> 
     </span>
     <span class='ocr_line' id='line_1_18' title="bbox 109 1575 1677 1630; baseline -0.002 -11"><span class='ocrx_word' id='word_1_127' title='bbox 109 1577 166 1620; x_wconf 87' lang='lat' dir='ltr'><strong>ad</strong></span> <span class='ocrx_word' id='word_1_128' title='bbox 207 1590 307 1619; x_wconf 87' lang='lat' dir='ltr'><strong>oras</strong></span> <span class='ocrx_word' id='word_1_129' title='bbox 349 1576 491 1619; x_wconf 78' lang='lat' dir='ltr'><strong>Novae</strong></span> <span class='ocrx_word' id='word_1_130' title='bbox 533 1575 789 1618; x_wconf 83' lang='lat' dir='ltr'><strong>Hollandiae</strong></span> <span class='ocrx_word' id='word_1_131' title='bbox 832 1575 1056 1626; x_wconf 85' lang='lat' dir='ltr'><strong>obvenire,</strong></span> <span class='ocrx_word' id='word_1_132' title='bbox 1091 1575 1214 1617; x_wconf 87' lang='lat' dir='ltr'><strong>haud</strong></span> <span class='ocrx_word' id='word_1_133' title='bbox 1248 1588 1363 1630; x_wconf 84' lang='lat' dir='ltr'><strong>aegre</strong></span> <span class='ocrx_word' id='word_1_134' title='bbox 1395 1575 1677 1630; x_wconf 83' lang='lat' dir='ltr'><strong>conjicerem,</strong></span> 
     </span>
    </p>
   </div>
   <div class='ocr_carea' id='block_1_4' title="bbox 109 1729 1684 2907">
    <p class='ocr_par' dir='ltr' id='par_1_4' title="bbox 109 1729 1684 2907">
     <span class='ocr_line' id='line_1_19' title="bbox 109 1729 1682 1774; baseline -0.003 -7"><span class='ocrx_word' id='word_1_135' title='bbox 109 1733 215 1768; x_wconf 88' lang='lat' dir='ltr'><strong>tibus</strong></span> <span class='ocrx_word' id='word_1_136' title='bbox 254 1732 535 1767; x_wconf 82' lang='lat' dir='ltr'><strong>characteribus</strong></span> <span class='ocrx_word' id='word_1_137' title='bbox 574 1742 798 1765; x_wconf 89' lang='lat' dir='ltr'><strong>numerosas</strong></span> <span class='ocrx_word' id='word_1_138' title='bbox 838 1731 988 1774; x_wconf 86' lang='lat' dir='ltr'><strong>Species</strong></span> <span class='ocrx_word' id='word_1_139' title='bbox 1028 1742 1049 1765; x_wconf 84' lang='lat' dir='ltr'><strong>a</strong></span> <span class='ocrx_word' id='word_1_140' title='bbox 1087 1731 1282 1764; x_wconf 84' lang='lat' dir='ltr'><strong>Fratribus</strong></span> <span class='ocrx_word' id='word_1_141' title='bbox 1317 1730 1466 1765; x_wconf 88' lang='lat' dir='ltr'><strong>Crouan</strong></span> <span class='ocrx_word' id='word_1_142' title='bbox 1502 1730 1542 1763; x_wconf 87' lang='lat' dir='ltr'><strong>in</strong></span> <span class='ocrx_word' id='word_1_143' title='bbox 1568 1729 1682 1763; x_wconf 75' lang='lat' dir='ltr'><strong>Flora</strong></span> 
     </span>
     <span class='ocr_line' id='line_1_20' title="bbox 113 1789 1682 1836; baseline -0.003 -10"><span class='ocrx_word' id='word_1_144' title='bbox 113 1791 405 1836; x_wconf 76' lang='lat' dir='ltr'><strong>Guadeloupensi</strong></span> <span class='ocrx_word' id='word_1_145' title='bbox 431 1791 645 1835; x_wconf 88' lang='lat' dir='ltr'><strong>propositas</strong></span> <span class='ocrx_word' id='word_1_146' title='bbox 670 1791 791 1825; x_wconf 75' lang='lat' dir='ltr'><strong>fuisse</strong></span> <span class='ocrx_word' id='word_1_147' title='bbox 817 1791 992 1824; x_wconf 89' lang='lat' dir='ltr'><strong>lubenter</strong></span> <span class='ocrx_word' id='word_1_148' title='bbox 1018 1791 1242 1834; x_wconf 84' lang='lat' dir='ltr'><strong>suspicarer.</strong></span> <span class='ocrx_word' id='word_1_149' title='bbox 1283 1790 1499 1833; x_wconf 81' lang='lat' dir='ltr'><strong>Speeimina</strong></span> <span class='ocrx_word' id='word_1_150' title='bbox 1525 1790 1572 1823; x_wconf 89' lang='lat' dir='ltr'><strong>ab</strong></span> <span class='ocrx_word' id='word_1_151' title='bbox 1599 1789 1682 1823; x_wconf 87' lang='lat' dir='ltr'><strong>Edi-</strong></span> 
     </span>
     <span class='ocr_line' id='line_1_21' title="bbox 109 1847 1681 1895; baseline -0.003 -8"><span class='ocrx_word' id='word_1_152' title='bbox 109 1852 256 1887; x_wconf 86' lang='lat' dir='ltr'><strong>toribus</strong></span> <span class='ocrx_word' id='word_1_153' title='bbox 294 1852 410 1895; x_wconf 83' lang='lat' dir='ltr'><strong>hujus</strong></span> <span class='ocrx_word' id='word_1_154' title='bbox 449 1851 569 1885; x_wconf 88' lang='lat' dir='ltr'><strong>Florae</strong></span> <span class='ocrx_word' id='word_1_155' title='bbox 608 1851 702 1884; x_wconf 85' lang='lat' dir='ltr'><strong>mihi</strong></span> <span class='ocrx_word' id='word_1_156' title='bbox 740 1850 925 1884; x_wconf 85' lang='lat' dir='ltr'><strong>benevole</strong></span> <span class='ocrx_word' id='word_1_157' title='bbox 963 1850 1242 1884; x_wconf 84' lang='lat' dir='ltr'><strong>communicata</strong></span> <span class='ocrx_word' id='word_1_158' title='bbox 1281 1850 1353 1883; x_wconf 88' lang='lat' dir='ltr'><strong>sub</strong></span> <span class='ocrx_word' id='word_1_159' title='bbox 1388 1850 1543 1883; x_wconf 87' lang='lat' dir='ltr'><strong>nomine</strong></span> <span class='ocrx_word' id='word_1_160' title='bbox 1572 1847 1681 1882; x_wconf 76' lang='lat' dir='ltr'><strong>Grac.</strong></span> 
     </span>
     <span class='ocr_line' id='line_1_22' title="bbox 109 1909 1682 1955; baseline -0.003 -9"><span class='ocrx_word' id='word_1_161' title='bbox 109 1911 396 1955; x_wconf 75' lang='lat' dir='ltr'><strong>acanthophoroe,</strong></span> <span class='ocrx_word' id='word_1_162' title='bbox 437 1909 547 1945; x_wconf 79' lang='lat' dir='ltr'><strong>Grac.</strong></span> <span class='ocrx_word' id='word_1_163' title='bbox 585 1909 796 1954; x_wconf 73' lang='lat' dir='ltr'><strong>bipinnatoe,</strong></span> <span class='ocrx_word' id='word_1_164' title='bbox 837 1909 947 1944; x_wconf 78' lang='lat' dir='ltr'><strong>Grac.</strong></span> <span class='ocrx_word' id='word_1_165' title='bbox 981 1909 1232 1953; x_wconf 59' lang='lat' dir='ltr'><strong>polymmphoe</strong></span> <span class='ocrx_word' id='word_1_166' title='bbox 1270 1909 1491 1951; x_wconf 83' lang='lat' dir='ltr'><strong>neutiquam</strong></span> <span class='ocrx_word' id='word_1_167' title='bbox 1531 1910 1682 1952; x_wconf 84' lang='lat' dir='ltr'><strong>Species</strong></span> 
     </span>
     <span class='ocr_line' id='line_1_23' title="bbox 110 1968 1683 2015; baseline -0.003 -11"><span class='ocrx_word' id='word_1_168' title='bbox 110 1971 283 2015; x_wconf 87' lang='lat' dir='ltr'><strong>proprias</strong></span> <span class='ocrx_word' id='word_1_169' title='bbox 319 1971 464 2013; x_wconf 88' lang='lat' dir='ltr'><strong>sistere,</strong></span> <span class='ocrx_word' id='word_1_170' title='bbox 498 1970 593 2003; x_wconf 90' lang='lat' dir='ltr'><strong>mihi</strong></span> <span class='ocrx_word' id='word_1_171' title='bbox 620 1970 752 2003; x_wconf 82' lang='lat' dir='ltr'><strong>eadem</strong></span> <span class='ocrx_word' id='word_1_172' title='bbox 779 1970 904 2012; x_wconf 88' lang='lat' dir='ltr'><strong>quoad</strong></span> <span class='ocrx_word' id='word_1_173' title='bbox 930 1972 1159 2003; x_wconf 87' lang='lat' dir='ltr'><strong>structuram</strong></span> <span class='ocrx_word' id='word_1_174' title='bbox 1187 1968 1434 2010; x_wconf 83' lang='lat' dir='ltr'><strong>examinanti,</strong></span> <span class='ocrx_word' id='word_1_175' title='bbox 1462 1968 1683 2011; x_wconf 86' lang='lat' dir='ltr'><strong>adparuisse</strong></span> 
     </span>
     <span class='ocr_line' id='line_1_24' title="bbox 110 2027 1683 2073; baseline -0.003 -8"><span class='ocrx_word' id='word_1_176' title='bbox 110 2031 308 2071; x_wconf 89' lang='lat' dir='ltr'><strong>confiteor;</strong></span> <span class='ocrx_word' id='word_1_177' title='bbox 348 2030 381 2064; x_wconf 92' lang='lat' dir='ltr'><strong>si</strong></span> <span class='ocrx_word' id='word_1_178' title='bbox 419 2040 569 2073; x_wconf 88' lang='lat' dir='ltr'><strong>quoque</strong></span> <span class='ocrx_word' id='word_1_179' title='bbox 607 2029 868 2064; x_wconf 88' lang='lat' dir='ltr'><strong>habitualibus</strong></span> <span class='ocrx_word' id='word_1_180' title='bbox 907 2029 1136 2071; x_wconf 87' lang='lat' dir='ltr'><strong>quibusdam</strong></span> <span class='ocrx_word' id='word_1_181' title='bbox 1174 2029 1275 2062; x_wconf 89' lang='lat' dir='ltr'><strong>notis</strong></span> <span class='ocrx_word' id='word_1_182' title='bbox 1302 2029 1465 2062; x_wconf 87' lang='lat' dir='ltr'><strong>invicem</strong></span> <span class='ocrx_word' id='word_1_183' title='bbox 1493 2030 1552 2061; x_wconf 87' lang='lat' dir='ltr'><strong>sat</strong></span> <span class='ocrx_word' id='word_1_184' title='bbox 1577 2027 1683 2060; x_wconf 87' lang='lat' dir='ltr'><strong>dissi-</strong></span> 
     </span>
     <span class='ocr_line' id='line_1_25' title="bbox 110 2087 1683 2133; baseline -0.003 -9"><span class='ocrx_word' id='word_1_185' title='bbox 110 2090 216 2125; x_wconf 88' lang='lat' dir='ltr'><strong>milia</strong></span> <span class='ocrx_word' id='word_1_186' title='bbox 254 2090 472 2133; x_wconf 88' lang='lat' dir='ltr'><strong>adpareant.</strong></span> <span class='ocrx_word' id='word_1_187' title='bbox 523 2090 664 2123; x_wconf 77' lang='lat' dir='ltr'><strong>Praeter</strong></span> <span class='ocrx_word' id='word_1_188' title='bbox 701 2089 821 2123; x_wconf 86' lang='lat' dir='ltr'><strong>dictas</strong></span> <span class='ocrx_word' id='word_1_189' title='bbox 861 2099 949 2123; x_wconf 81' lang='lat' dir='ltr'><strong>vero</strong></span> <span class='ocrx_word' id='word_1_190' title='bbox 989 2088 1152 2132; x_wconf 81' lang='lat' dir='ltr'><strong>species,</strong></span> <span class='ocrx_word' id='word_1_191' title='bbox 1183 2099 1253 2122; x_wconf 87' lang='lat' dir='ltr'><strong>sua</strong></span> <span class='ocrx_word' id='word_1_192' title='bbox 1278 2088 1413 2121; x_wconf 78' lang='lat' dir='ltr'><strong>fronde</strong></span> <span class='ocrx_word' id='word_1_193' title='bbox 1440 2087 1559 2130; x_wconf 83' lang='lat' dir='ltr'><strong>magis</strong></span> <span class='ocrx_word' id='word_1_194' title='bbox 1587 2097 1683 2120; x_wconf 86' lang='lat' dir='ltr'><strong>com-</strong></span> 
     </span>
     <span class='ocr_line' id='line_1_26' title="bbox 110 2146 1684 2195; baseline -0.004 -11"><span class='ocrx_word' id='word_1_195' title='bbox 110 2151 266 2195; x_wconf 88' lang='lat' dir='ltr'><strong>planata</strong></span> <span class='ocrx_word' id='word_1_196' title='bbox 303 2149 515 2192; x_wconf 79' lang='lat' dir='ltr'><strong>distinctas,</strong></span> <span class='ocrx_word' id='word_1_197' title='bbox 554 2149 647 2183; x_wconf 85' lang='lat' dir='ltr'><strong>alias</strong></span> <span class='ocrx_word' id='word_1_198' title='bbox 687 2149 804 2183; x_wconf 86' lang='lat' dir='ltr'><strong>habui</strong></span> <span class='ocrx_word' id='word_1_199' title='bbox 834 2149 969 2182; x_wconf 80' lang='lat' dir='ltr'><strong>fronde</strong></span> <span class='ocrx_word' id='word_1_200' title='bbox 996 2149 1116 2191; x_wconf 80' lang='lat' dir='ltr'><strong>magis</strong></span> <span class='ocrx_word' id='word_1_201' title='bbox 1143 2148 1352 2181; x_wconf 87' lang='lat' dir='ltr'><strong>incrassata</strong></span> <span class='ocrx_word' id='word_1_202' title='bbox 1378 2148 1507 2180; x_wconf 75' lang='lat' dir='ltr'><strong>forsan</strong></span> <span class='ocrx_word' id='word_1_203' title='bbox 1533 2146 1684 2188; x_wconf 82' lang='lat' dir='ltr'><strong>dignos-</strong></span> 
     </span>
     <span class='ocr_line' id='line_1_27' title="bbox 111 2204 1684 2251; baseline -0.004 -7"><span class='ocrx_word' id='word_1_204' title='bbox 111 2210 262 2251; x_wconf 49' lang='lat' dir='ltr'><strong>cendas</strong></span> <span class='ocrx_word' id='word_1_205' title='bbox 301 2209 373 2243; x_wconf 89' lang='lat' dir='ltr'><strong>sub</strong></span> <span class='ocrx_word' id='word_1_206' title='bbox 411 2209 631 2243; x_wconf 86' lang='lat' dir='ltr'><strong>nominibus</strong></span> <span class='ocrx_word' id='word_1_207' title='bbox 673 2207 738 2243; x_wconf 80' lang='lat' dir='ltr'><strong>Gr.</strong></span> <span class='ocrx_word' id='word_1_208' title='bbox 765 2208 971 2248; x_wconf 72' lang='lat' dir='ltr'><strong>ramulosoe,</strong></span> <span class='ocrx_word' id='word_1_209' title='bbox 1009 2207 1073 2241; x_wconf 81' lang='lat' dir='ltr'><strong>Gr.</strong></span> <span class='ocrx_word' id='word_1_210' title='bbox 1101 2206 1311 2250; x_wconf 75' lang='lat' dir='ltr'><strong>cuspidatae,</strong></span> <span class='ocrx_word' id='word_1_211' title='bbox 1341 2205 1405 2240; x_wconf 80' lang='lat' dir='ltr'><strong>Gr.</strong></span> <span class='ocrx_word' id='word_1_212' title='bbox 1436 2204 1608 2239; x_wconf 79' lang='lat' dir='ltr'><strong>Grevillei</strong></span> <span class='ocrx_word' id='word_1_213' title='bbox 1647 2208 1684 2238; x_wconf 85' lang='lat' dir='ltr'><strong>ct</strong></span> 
     </span>
     <span class='ocr_line' id='line_1_28' title="bbox 114 2263 1682 2311; baseline -0.004 -8"><span class='ocrx_word' id='word_1_214' title='bbox 114 2268 180 2304; x_wconf 81' lang='lat' dir='ltr'><strong>Gr.</strong></span> <span class='ocrx_word' id='word_1_215' title='bbox 206 2270 360 2303; x_wconf 74' lang='lat' dir='ltr'><strong>armatoe</strong></span> <span class='ocrx_word' id='word_1_216' title='bbox 398 2268 750 2311; x_wconf 81' lang='lat' dir='ltr'><strong>comparare.1nihi</strong></span> <span class='ocrx_word' id='word_1_217' title='bbox 789 2268 957 2307; x_wconf 86' lang='lat' dir='ltr'><strong>licuisse;</strong></span> <span class='ocrx_word' id='word_1_218' title='bbox 998 2270 1111 2309; x_wconf 90' lang='lat' dir='ltr'><strong>atque</strong></span> <span class='ocrx_word' id='word_1_219' title='bbox 1150 2266 1189 2299; x_wconf 92' lang='lat' dir='ltr'><strong>in</strong></span> <span class='ocrx_word' id='word_1_220' title='bbox 1225 2266 1402 2299; x_wconf 85' lang='lat' dir='ltr'><strong>omnibus</strong></span> <span class='ocrx_word' id='word_1_221' title='bbox 1430 2265 1490 2298; x_wconf 87' lang='lat' dir='ltr'><strong>his</strong></span> <span class='ocrx_word' id='word_1_222' title='bbox 1518 2265 1581 2299; x_wconf 83' lang='lat' dir='ltr'><strong>vix</strong></span> <span class='ocrx_word' id='word_1_223' title='bbox 1608 2263 1682 2297; x_wconf 86' lang='lat' dir='ltr'><strong>nisi</strong></span> 
     </span>
     <span class='ocr_line' id='line_1_29' title="bbox 111 2324 1682 2370; baseline -0.004 -7"><span class='ocrx_word' id='word_1_224' title='bbox 111 2329 235 2364; x_wconf 87' lang='lat' dir='ltr'><strong>stadia</strong></span> <span class='ocrx_word' id='word_1_225' title='bbox 261 2328 489 2363; x_wconf 86' lang='lat' dir='ltr'><strong>evolutionis</strong></span> <span class='ocrx_word' id='word_1_226' title='bbox 516 2328 621 2362; x_wconf 87' lang='lat' dir='ltr'><strong>varia</strong></span> <span class='ocrx_word' id='word_1_227' title='bbox 645 2327 759 2361; x_wconf 87' lang='lat' dir='ltr'><strong>unius</strong></span> <span class='ocrx_word' id='word_1_228' title='bbox 786 2327 1035 2370; x_wconf 82' lang='lat' dir='ltr'><strong>ejusdemque</strong></span> <span class='ocrx_word' id='word_1_229' title='bbox 1062 2325 1207 2369; x_wconf 81' lang='lat' dir='ltr'><strong>Speciei</strong></span> <span class='ocrx_word' id='word_1_230' title='bbox 1234 2324 1537 2367; x_wconf 78' lang='lat' dir='ltr'><strong>recognoscenda</strong></span> <span class='ocrx_word' id='word_1_231' title='bbox 1555 2324 1682 2357; x_wconf 87' lang='lat' dir='ltr'><strong>luben-</strong></span> 
     </span>
     <span class='ocr_line' id='line_1_30' title="bbox 111 2381 1682 2427; baseline -0.005 -4"><span class='ocrx_word' id='word_1_232' title='bbox 111 2392 169 2423; x_wconf 89' lang='lat' dir='ltr'><strong>ter</strong></span> <span class='ocrx_word' id='word_1_233' title='bbox 206 2398 452 2422; x_wconf 88' lang='lat' dir='ltr'><strong>assumerem.</strong></span> <span class='ocrx_word' id='word_1_234' title='bbox 502 2389 586 2421; x_wconf 91' lang='lat' dir='ltr'><strong>Hoc</strong></span> <span class='ocrx_word' id='word_1_235' title='bbox 624 2388 736 2422; x_wconf 87' lang='lat' dir='ltr'><strong>modo</strong></span> <span class='ocrx_word' id='word_1_236' title='bbox 774 2387 924 2421; x_wconf 82' lang='lat' dir='ltr'><strong>facilius</strong></span> <span class='ocrx_word' id='word_1_237' title='bbox 964 2387 1106 2419; x_wconf 73' lang='lat' dir='ltr'><strong>factum</strong></span> <span class='ocrx_word' id='word_1_238' title='bbox 1144 2385 1263 2418; x_wconf 84' lang='lat' dir='ltr'><strong>fuisse</strong></span> <span class='ocrx_word' id='word_1_239' title='bbox 1290 2387 1463 2427; x_wconf 87' lang='lat' dir='ltr'><strong>putarem</strong></span> <span class='ocrx_word' id='word_1_240' title='bbox 1490 2386 1531 2416; x_wconf 89' lang='lat' dir='ltr'><strong>ut</strong></span> <span class='ocrx_word' id='word_1_241' title='bbox 1558 2383 1597 2416; x_wconf 88' lang='lat' dir='ltr'><strong>in</strong></span> <span class='ocrx_word' id='word_1_242' title='bbox 1623 2381 1682 2417; x_wconf 78' lang='lat' dir='ltr'><strong>Fc.</strong></span> 
     </span>
     <span class='ocr_line' id='line_1_31' title="bbox 115 2444 1680 2491; baseline -0.004 -9"><span class='ocrx_word' id='word_1_243' title='bbox 115 2447 407 2491; x_wconf 74' lang='lat' dir='ltr'><strong>Guacleloupensi</strong></span> <span class='ocrx_word' id='word_1_244' title='bbox 443 2447 490 2481; x_wconf 79' lang='lat'><strong>42</strong></span> <span class='ocrx_word' id='word_1_245' title='bbox 528 2447 679 2491; x_wconf 88' lang='lat' dir='ltr'><strong>Species</strong></span> <span class='ocrx_word' id='word_1_246' title='bbox 719 2447 790 2481; x_wconf 92' lang='lat' dir='ltr'><strong>sub</strong></span> <span class='ocrx_word' id='word_1_247' title='bbox 829 2446 977 2481; x_wconf 90' lang='lat' dir='ltr'><strong>Genere</strong></span> <span class='ocrx_word' id='word_1_248' title='bbox 1014 2445 1229 2479; x_wconf 83' lang='lat' dir='ltr'><strong>Gracilariae</strong></span> <span class='ocrx_word' id='word_1_249' title='bbox 1256 2444 1367 2477; x_wconf 77' lang='lat' dir='ltr'><strong>Grev.</strong></span> <span class='ocrx_word' id='word_1_250' title='bbox 1395 2446 1680 2481; x_wconf 78' lang='lat' dir='ltr'><strong>enumera11tu1·;</strong></span> 
     </span>
     <span class='ocr_line' id='line_1_32' title="bbox 113 2502 1682 2548; baseline -0.004 -7"><span class='ocrx_word' id='word_1_251' title='bbox 113 2508 184 2541; x_wconf 89' lang='lat' dir='ltr'><strong>sub</strong></span> <span class='ocrx_word' id='word_1_252' title='bbox 211 2507 366 2540; x_wconf 87' lang='lat' dir='ltr'><strong>nomine</strong></span> <span class='ocrx_word' id='word_1_253' title='bbox 392 2517 480 2541; x_wconf 90' lang='lat' dir='ltr'><strong>vero</strong></span> <span class='ocrx_word' id='word_1_254' title='bbox 506 2507 686 2541; x_wconf 84' lang='lat' dir='ltr'><strong>Plocariae</strong></span> <span class='ocrx_word' id='word_1_255' title='bbox 713 2507 870 2540; x_wconf 89' lang='lat' dir='ltr'><strong>ulterius</strong></span> <span class='ocrx_word' id='word_1_256' title='bbox 898 2506 940 2539; x_wconf 81' lang='lat'><strong>21</strong></span> <span class='ocrx_word' id='word_1_257' title='bbox 970 2505 1120 2548; x_wconf 69' lang='lat' dir='ltr'><strong>Species</strong></span> <span class='ocrx_word' id='word_1_258' title='bbox 1148 2504 1227 2537; x_wconf 90' lang='lat' dir='ltr'><strong>suis</strong></span> <span class='ocrx_word' id='word_1_259' title='bbox 1251 2503 1470 2537; x_wconf 83' lang='lat' dir='ltr'><strong>nominibus</strong></span> <span class='ocrx_word' id='word_1_260' title='bbox 1490 2502 1682 2545; x_wconf 83' lang='lat' dir='ltr'><strong>inscriptae</strong></span> 
     </span>
     <span class='ocr_line' id='line_1_33' title="bbox 112 2562 1682 2605; baseline -0.004 -5"><span class='ocrx_word' id='word_1_261' title='bbox 112 2567 369 2601; x_wconf 88' lang='lat' dir='ltr'><strong>nominantur.</strong></span> <span class='ocrx_word' id='word_1_262' title='bbox 421 2567 476 2600; x_wconf 92' lang='lat' dir='ltr'><strong>De</strong></span> <span class='ocrx_word' id='word_1_263' title='bbox 514 2567 795 2600; x_wconf 88' lang='lat' dir='ltr'><strong>characteribus</strong></span> <span class='ocrx_word' id='word_1_264' title='bbox 835 2577 924 2600; x_wconf 86' lang='lat' dir='ltr'><strong>vero</strong></span> <span class='ocrx_word' id='word_1_265' title='bbox 963 2565 1166 2604; x_wconf 86' lang='lat' dir='ltr'><strong>Generum,</strong></span> <span class='ocrx_word' id='word_1_266' title='bbox 1206 2567 1244 2596; x_wconf 85' lang='lat' dir='ltr'><strong>et</strong></span> <span class='ocrx_word' id='word_1_267' title='bbox 1273 2562 1463 2605; x_wconf 85' lang='lat' dir='ltr'><strong>quomodo</strong></span> <span class='ocrx_word' id='word_1_268' title='bbox 1490 2562 1682 2603; x_wconf 74' lang='lat' dir='ltr'><strong>dignosce-</strong></span> 
     </span>
     <span class='ocr_line' id='line_1_34' title="bbox 112 2622 1684 2669; baseline -0.004 -9"><span class='ocrx_word' id='word_1_269' title='bbox 112 2629 244 2660; x_wconf 89' lang='lat' dir='ltr'><strong>rentur</strong></span> <span class='ocrx_word' id='word_1_270' title='bbox 276 2626 439 2669; x_wconf 88' lang='lat' dir='ltr'><strong>Species,</strong></span> <span class='ocrx_word' id='word_1_271' title='bbox 468 2626 592 2660; x_wconf 86' lang='lat' dir='ltr'><strong>nullas</strong></span> <span class='ocrx_word' id='word_1_272' title='bbox 625 2626 719 2659; x_wconf 85' lang='lat' dir='ltr'><strong>alias</strong></span> <span class='ocrx_word' id='word_1_273' title='bbox 746 2624 1032 2659; x_wconf 88' lang='lat' dir='ltr'><strong>observationes</strong></span> <span class='ocrx_word' id='word_1_274' title='bbox 1059 2624 1192 2657; x_wconf 85' lang='lat' dir='ltr'><strong>allatas</strong></span> <span class='ocrx_word' id='word_1_275' title='bbox 1219 2622 1309 2660; x_wconf 80' lang='lat' dir='ltr'><strong>vidi,</strong></span> <span class='ocrx_word' id='word_1_276' title='bbox 1336 2632 1449 2664; x_wconf 82' lang='lat' dir='ltr'><strong>quam</strong></span> <span class='ocrx_word' id='word_1_277' title='bbox 1477 2632 1589 2654; x_wconf 88' lang='lat' dir='ltr'><strong>unam</strong></span> <span class='ocrx_word' id='word_1_278' title='bbox 1619 2623 1684 2654; x_wconf 86' lang='lat' dir='ltr'><strong>aut</strong></span> 
     </span>
     <span class='ocr_line' id='line_1_35' title="bbox 113 2681 1684 2726; baseline -0.004 -6"><span class='ocrx_word' id='word_1_279' title='bbox 113 2686 271 2720; x_wconf 85' lang='lat' dir='ltr'><strong>alteram</strong></span> <span class='ocrx_word' id='word_1_280' title='bbox 309 2685 616 2720; x_wconf 86' lang='lat' dir='ltr'><strong>observationem</strong></span> <span class='ocrx_word' id='word_1_281' title='bbox 654 2686 701 2719; x_wconf 91' lang='lat' dir='ltr'><strong>de</strong></span> <span class='ocrx_word' id='word_1_282' title='bbox 740 2685 864 2719; x_wconf 88' lang='lat' dir='ltr'><strong>colore</strong></span> <span class='ocrx_word' id='word_1_283' title='bbox 903 2685 999 2718; x_wconf 83' lang='lat' dir='ltr'><strong>vivae</strong></span> <span class='ocrx_word' id='word_1_284' title='bbox 1030 2684 1180 2726; x_wconf 81' lang='lat' dir='ltr'><strong>plantae,</strong></span> <span class='ocrx_word' id='word_1_285' title='bbox 1207 2693 1229 2715; x_wconf 89' lang='lat' dir='ltr'><strong>a</strong></span> <span class='ocrx_word' id='word_1_286' title='bbox 1255 2681 1520 2715; x_wconf 81' lang='lat' dir='ltr'><strong>collectoribus</strong></span> <span class='ocrx_word' id='word_1_287' title='bbox 1554 2681 1684 2714; x_wconf 83' lang='lat' dir='ltr'><strong>forsan</strong></span> 
     </span>
     <span class='ocr_line' id='line_1_36' title="bbox 114 2743 1683 2785; baseline -0.004 -6"><span class='ocrx_word' id='word_1_288' title='bbox 114 2744 293 2785; x_wconf 81' lang='lat' dir='ltr'><strong>additam,</strong></span> <span class='ocrx_word' id='word_1_289' title='bbox 332 2744 421 2779; x_wconf 90' lang='lat' dir='ltr'><strong>vidi.</strong></span> <span class='ocrx_word' id='word_1_290' title='bbox 472 2745 574 2779; x_wconf 91' lang='lat' dir='ltr'><strong>Hinc</strong></span> <span class='ocrx_word' id='word_1_291' title='bbox 613 2755 659 2779; x_wconf 81' lang='lat' dir='ltr'><strong>ex</strong></span> <span class='ocrx_word' id='word_1_292' title='bbox 698 2748 777 2779; x_wconf 90' lang='lat' dir='ltr'><strong>toto</strong></span> <span class='ocrx_word' id='word_1_293' title='bbox 816 2754 974 2778; x_wconf 87' lang='lat' dir='ltr'><strong>numero</strong></span> <span class='ocrx_word' id='word_1_294' title='bbox 1014 2743 1231 2785; x_wconf 82' lang='lat' dir='ltr'><strong>Specierum</strong></span> <span class='ocrx_word' id='word_1_295' title='bbox 1271 2745 1419 2775; x_wconf 89' lang='lat' dir='ltr'><strong>tantum</strong></span> <span class='ocrx_word' id='word_1_296' title='bbox 1456 2750 1595 2783; x_wconf 85' lang='lat' dir='ltr'><strong>pancas</strong></span> <span class='ocrx_word' id='word_1_297' title='bbox 1623 2750 1683 2773; x_wconf 86' lang='lat' dir='ltr'><strong>me</strong></span> 
     </span>
     <span class='ocr_line' id='line_1_37' title="bbox 114 2799 1684 2846; baseline -0.004 -8"><span class='ocrx_word' id='word_1_298' title='bbox 114 2804 338 2838; x_wconf 82' lang='lat' dir='ltr'><strong>observasse</strong></span> <span class='ocrx_word' id='word_1_299' title='bbox 369 2803 483 2838; x_wconf 90' lang='lat' dir='ltr'><strong>hodie</strong></span> <span class='ocrx_word' id='word_1_300' title='bbox 519 2804 777 2838; x_wconf 86' lang='lat' dir='ltr'><strong>confitendum</strong></span> <span class='ocrx_word' id='word_1_301' title='bbox 804 2803 994 2846; x_wconf 84' lang='lat' dir='ltr'><strong>adparuit;</strong></span> <span class='ocrx_word' id='word_1_302' title='bbox 1038 2813 1107 2835; x_wconf 87' lang='lat' dir='ltr'><strong>nec</strong></span> <span class='ocrx_word' id='word_1_303' title='bbox 1132 2805 1261 2835; x_wconf 86' lang='lat' dir='ltr'><strong>tamen</strong></span> <span class='ocrx_word' id='word_1_304' title='bbox 1287 2800 1397 2834; x_wconf 86' lang='lat' dir='ltr'><strong>siccis</strong></span> <span class='ocrx_word' id='word_1_305' title='bbox 1424 2800 1585 2843; x_wconf 80' lang='lat' dir='ltr'><strong>pedibus</strong></span> <span class='ocrx_word' id='word_1_306' title='bbox 1612 2799 1684 2833; x_wconf 87' lang='lat' dir='ltr'><strong>hoc</strong></span> 
     </span>
     <span class='ocr_line' id='line_1_38' title="bbox 115 2858 1601 2907; baseline -0.003 -11"><span class='ocrx_word' id='word_1_307' title='bbox 115 2861 390 2897; x_wconf 87' lang='lat' dir='ltr'><strong>Orouaniorum</strong></span> <span class='ocrx_word' id='word_1_308' title='bbox 418 2874 513 2907; x_wconf 89' lang='lat' dir='ltr'><strong>opus</strong></span> <span class='ocrx_word' id='word_1_309' title='bbox 540 2874 601 2897; x_wconf 90' lang='lat' dir='ltr'><strong>me</strong></span> <span class='ocrx_word' id='word_1_310' title='bbox 627 2863 740 2897; x_wconf 89' lang='lat' dir='ltr'><strong>hodie</strong></span> <span class='ocrx_word' id='word_1_311' title='bbox 772 2862 933 2896; x_wconf 86' lang='lat' dir='ltr'><strong>transire</strong></span> <span class='ocrx_word' id='word_1_312' title='bbox 968 2861 1131 2903; x_wconf 88' lang='lat' dir='ltr'><strong>licuisse,</strong></span> <span class='ocrx_word' id='word_1_313' title='bbox 1158 2860 1430 2894; x_wconf 86' lang='lat' dir='ltr'><strong>assumendum</strong></span> <span class='ocrx_word' id='word_1_314' title='bbox 1458 2858 1601 2902; x_wconf 83' lang='lat' dir='ltr'><strong>putavi.</strong></span> 
     </span>
    </p>
   </div>
  </div>
 </body>
</html>
