1779 3068
1634 59 1685 100 13

113 180 518 223 characteristicam
563 178 769 228 retinent,
805 182 1210 233 quantumcunque
1256 176 1435 231 Species
1473 176 1570 218 aliae
1604 189 1686 218 sua

116 250 408 307 dispositione
440 249 636 306 partium
669 248 862 292 invicem
898 247 1062 290 distare
1094 246 1365 290 viderentur.

255 321 403 377 Ipsius
452 324 685 363 structurae
732 319 906 362 frondis
954 319 1002 360 in
1050 318 1371 374 Polysz'phonia,
1416 318 1547 373 cujus
1585 331 1684 360 con-

112 393 366 449 gruentiam
418 393 465 434 in
519 391 728 434 omnibus
783 389 985 446 ejusdem
1040 389 1282 444 Speciebus
1330 389 1407 431 vix
1457 389 1683 444 quispiam

113 464 364 520 denegaret,
400 467 560 518 praeter
592 463 881 511 characteres,
911 474 1024 516 quos
1057 460 1317 502 nominibus
1357 459 1685 514 Oliyosiphoniae

113 540 156 577 et
200 534 516 590 Polysz'phonioe
553 532 772 575 indicatos
810 532 980 588 putavi,
1015 532 1092 574 vix
1124 530 1234 573 alios
1267 530 1479 574 obvenire
1511 530 1681 581 modos,

113 605 278 661 quibus
321 608 592 647 structuram
635 603 811 645 frondis
855 606 1077 644 mutatam
1116 602 1323 652 dicerem,
1358 601 1403 643 id
1436 601 1568 643 hodie
1601 614 1684 643 nec

111 675 239 732 potui
283 675 394 731 quin
439 687 680 716 monerem.
747 673 934 715 Formas
980 677 1133 716 tamen
1165 672 1384 728 quasdam
1419 671 1683 714 abludentes

109 746 202 802 jam
236 760 262 788 a
294 746 465 788 Thuret
497 750 540 787 et
572 744 737 786 Bornet
770 743 967 798 depictas
1000 744 1111 795 vidi;
1147 748 1189 786 et
1218 758 1273 785 ex
1295 743 1522 785 Australia
1544 743 1683 785 habui

110 818 292 868 formas,
327 817 374 859 in
407 816 571 872 quibus
605 816 817 871 siphones
850 814 1076 856 normales
1117 814 1304 857 Generis
1337 814 1422 857 filis
1455 814 1682 856 intercala-

111 888 235 931 ribus
268 887 604 943 quodammodo
637 886 830 943 propriis
865 886 1092 941 sejunctos
1125 885 1232 928 vidi.
1290 885 1329 927 A
1363 885 1543 927 nemine
1577 898 1682 927 vero

110 959 397 1002 observatum
445 958 643 1009 memini,
694 958 810 999 intra
859 956 1161 1012 pericarpium
1210 956 1414 1012 ejusdem
1463 956 1680 1005 clausum,

109 1030 377 1073 fasciculum
408 1029 757 1085 gemmidiorum
791 1043 881 1070 non
916 1027 1128 1071 obvenire
1152 1027 1328 1070 nudum
1351 1033 1394 1069 et
1417 1026 1681 1082 simplicem,

109 1115 191 1144 nec
224 1101 310 1143 alio
343 1100 478 1143 modo
510 1101 558 1142 in
590 1100 688 1142 aliis
717 1099 959 1156 Speciebus
983 1099 1172 1142 varium.
1228 1099 1440 1140 Attamen
1464 1098 1511 1139 in
1535 1098 1683 1139 forma

109 1172 320 1228 quadam,
356 1185 495 1228 quam
524 1162 582 1213 vex
615 1171 843 1213 Adriatico
876 1170 1216 1227 provenientem
1250 1170 1402 1220 habui,
1437 1173 1481 1211 et
1511 1169 1559 1210 in
1592 1182 1682 1223 qua

109 1244 291 1300 Typum
338 1243 654 1298 Polysz'phom'ce
698 1244 902 1296 elonyatoe
943 1241 1352 1297 recognoscendam
1394 1239 1575 1290 credidi,
1610 1253 1681 1281 me

108 1315 226 1357 intra
267 1314 388 1356 idem
430 1314 761 1370 cystocarpium
801 1313 1060 1356 observasse
1099 1313 1227 1368 quasi
1260 1312 1410 1368 plures
1442 1311 1680 1353 fasciculos

107 1385 467 1442 gemmidiorum,
517 1400 711 1442 quorum
759 1384 958 1440 singulos
992 1399 1018 1426 a
1051 1384 1316 1440 siphonibus
1363 1381 1551 1438 singulis
1584 1395 1679 1437 pro-

108 1457 352 1505 venientes,
388 1462 431 1499 et
462 1457 509 1498 in
533 1470 714 1512 quoque
738 1455 961 1512 ejusmodi
984 1454 1199 1498 fasciculo
1222 1454 1520 1510 gemmidium
1544 1452 1679 1508 quod-

109 1528 213 1570 dam
256 1528 491 1570 terminale
528 1528 672 1583 magis
706 1528 935 1570 evolutum
970 1530 1013 1569 et
1045 1526 1127 1568 rite
1160 1526 1416 1576 obovatum,
1452 1525 1561 1566 dum
1594 1524 1681 1565 alia

108 1599 313 1655 ejusdem
353 1598 557 1641 fasciculi
599 1598 846 1655 gemmidia
878 1587 1138 1640 inchoantia
1171 1602 1214 1639 et
1246 1597 1394 1639 adhuc
1429 1596 1568 1638 multo
1602 1595 1680 1636 mi-

107 1684 217 1713 nora
249 1669 703 1725 rotundato-oblonga
734 1670 983 1713 observavi.
1041 1668 1295 1711 Gemmidia
1328 1669 1424 1710 haec
1451 1668 1511 1723 (at
1532 1666 1680 1709 adhuc

107 1741 250 1797 magis
297 1741 540 1797 inevoluta)
588 1741 825 1796 provenire
867 1741 997 1796 quasi
1030 1754 1055 1782 a
1087 1740 1224 1782 ramis
1267 1739 1511 1795 siphonum
1544 1738 1678 1794 paulo

106 1812 296 1856 inferius
328 1812 709 1868 provenientibus,
745 1818 788 1855 et
822 1812 1033 1854 omnibus
1060 1812 1122 1854 ita
1145 1810 1528 1854 succrescentibus
1551 1822 1677 1864 gene-

105 1883 193 1926 rari
241 1883 506 1926 fasciculum
553 1883 916 1939 gemmidiorum,
971 1883 1176 1939 pluribus
1225 1883 1355 1938 quasi
1402 1885 1676 1930 contextum,

105 1954 297 2011 quorum
334 1954 499 2011 singuli
532 1955 579 1997 in
611 1955 909 2011 gemmidium
939 1955 1069 2010 quasi
1092 1954 1341 1997 solitarium
1364 1952 1675 1995 terminantur.

104 2025 198 2069 Nec
230 2031 382 2069 tamen
414 2027 531 2069 hanc
564 2027 620 2069 ob
654 2026 922 2070 evolutionis
957 2040 1175 2077 normam,
1200 2039 1338 2081 quam
1361 2025 1408 2066 in
1432 2023 1678 2080 specimine

106 2097 303 2153 quodam
337 2097 574 2140 observare
608 2097 788 2147 credidi,
828 2094 990 2153 typum
1024 2097 1254 2152 quendam
1287 2096 1519 2152 proprium
1553 2094 1677 2149 Poly-

105 2168 324 2225 siphoniae
376 2183 448 2211 me
496 2169 662 2212 vidisse
708 2173 938 2225 putarem;
994 2169 1144 2224 potius
1197 2168 1393 2210 stadium
1447 2165 1677 2222 quoddam

105 2239 386 2290 evolutionis,
421 2254 476 2282 ex
508 2254 598 2296 quo
631 2240 851 2282 deducere
884 2240 1038 2282 forsan
1072 2240 1235 2289 liceret,
1263 2237 1489 2294 quomodo
1522 2238 1677 2278 forsan

105 2309 153 2351 in
195 2310 468 2352 exuberante
508 2311 753 2365 specimine
795 2310 962 2353 sensim
996 2323 1273 2352 succrescere
1306 2308 1517 2351 videntur
1548 2307 1676 2349 fasci-

105 2381 194 2423 culi
240 2381 472 2423 inferiores
520 2381 797 2432 succedanei,
847 2381 1115 2424 fasciculum
1163 2379 1511 2435 gemmidiorum
1550 2378 1676 2434 Poly-

105 2451 326 2507 siphoniae
359 2452 694 2495 constituentes.
