1779 3068
115 116 171 156 20
715 111 1088 153 CALLOPHYLLIS.

582 227 779 252 ****²³‘**
813 229 985 271 Fronde
1016 229 1097 271 rite
1120 229 1307 282 planata
1336 230 1577 283 anyustiore
1591 230 1687 282 pin-

816 300 954 342 natim
1006 301 1449 353 supra-decomposita,
1504 300 1688 343 rachidi-

819 373 894 413 bus
942 371 1065 425 quasi
1099 371 1296 424 propriis
1337 371 1493 413 lineari
1532 372 1688 414 lanceo-

817 443 929 492 latis,
964 457 992 483 a
1024 442 1290 495 maryz'nibus
1321 456 1478 495 quoque
1505 442 1689 484 lacinias

817 513 1144 565 sub-conformes
1181 517 1226 554 at
1263 513 1470 555 tenuiores
1510 513 1689 555 emitten-

818 585 940 634 tibus,
975 584 1043 626 his
1075 585 1239 626 demum
1275 588 1362 626 tum
1394 583 1518 639 infra
1551 584 1690 637 apices

818 656 1067 708 apiculatos,
1113 659 1201 697 tum
1240 655 1289 697 in
1329 655 1548 709 seymentis
1584 654 1689 709 infe-

821 727 1007 769 rioribus
1046 726 1310 780 cystocarpia
1341 740 1474 779 supra
1499 726 1691 780 payinas

811 797 1062 852 prominula
1092 797 1401 851 yenerantibus.

119 907 185 948 18.
257 905 365 947 CAL.
391 919 724 946 MARGINIFERA
748 905 793 947 J.
818 905 898 959 Ay.
924 905 1054 947 Anal.
1080 903 1216 958 Alyol.
1247 903 1362 946 Cont.
1387 904 1480 945 III.
1499 918 1545 957 p.
1569 906 1624 945 74
1637 903 1687 958 ²¹²)

259 1001 336 1035 Sub
362 1001 517 1034 nomine
547 999 621 1034 Gal.
647 999 902 1044 maryinzferoe
929 1000 1101 1043 Speciem
1127 999 1322 1042 descripsi,
1347 1009 1461 1041 quam
1487 1001 1568 1032 tum
1595 998 1688 1041 ipse,

113 1064 197 1095 tum
236 1061 299 1094 alii
338 1060 491 1103 plurimi
530 1061 693 1094 formam
732 1060 949 1094 habuerunt
981 1059 1127 1102 Speciei
1162 1059 1263 1092 illius
1291 1058 1547 1099 multiformis,
1575 1068 1690 1100 quam

115 1121 188 1154 sub
214 1120 370 1153 nomine
400 1119 436 1153 (J.
464 1119 632 1154 coccineae
656 1119 890 1153 intellectam
916 1119 1119 1153 voluerunt
1151 1118 1321 1161 Algologi
1355 1117 1573 1152 anteriores.
1626 1117 1691 1151 Sin

261 1262 294 1301 *δ
320 1264 374 1296 De
415 1262 546 1305 Specie
584 1262 656 1296 sub
695 1262 850 1296 nomine
883 1261 923 1296 C.
951 1262 1196 1305 marginifera
1221 1273 1243 1295 a
1269 1272 1329 1295 me
1355 1262 1536 1296 distincta
1563 1262 1690 1305 (Anal.

117 1322 234 1367 Alyol.
265 1322 364 1356 Oont.
391 1321 470 1356 HI.
492 1333 531 1365 p.
562 1322 629 1365 74)
668 1332 781 1364 quam
815 1322 950 1355 fronde
976 1332 1046 1355 sua
1072 1321 1244 1355 tenuiore
1271 1324 1309 1354 et
1334 1324 1524 1355 structura
1550 1322 1691 1365 simpli-

114 1382 216 1416 ciore
254 1382 400 1415 frondis
440 1381 684 1424 potissimum
723 1381 942 1415 distinctam
981 1380 1195 1414 describere
1227 1383 1385 1414 conatus
1416 1392 1513 1424 sum,
1541 1382 1691 1424 qualem

116 1441 298 1475 nimirum
324 1442 423 1474 hanc
451 1440 528 1475 vidi
554 1440 595 1473 in
621 1440 753 1483 paucis
780 1440 1056 1483 speciminibus
1083 1451 1127 1474 eo
1154 1443 1326 1484 tempore
1353 1440 1447 1474 mihi
1467 1440 1627 1483 cognitis
1647 1460 1690 1464 ——

116 1500 231 1534 hodie
257 1500 416 1533 ulterius
444 1500 581 1533 addere
608 1499 746 1542 placet:

259 1559 483 1593 Meminisse
516 1559 640 1602 placet
673 1560 894 1602 Harveyum
925 1562 1006 1593 tum
1033 1559 1274 1593 distribuisse
1301 1559 1471 1603 plantam
1498 1570 1545 1593 ex
1572 1560 1692 1593 South

116 1619 309 1653 Australia
347 1629 368 1652 a
407 1617 545 1652 Cui-die
583 1619 731 1659 lectam,
772 1629 884 1660 quam
924 1619 1042 1652 habui
1080 1618 1138 1653 »0.
1166 1618 1327 1653 coccinea
1359 1630 1436 1653 var.
1464 1621 1604 1653 comata
1628 1619 1691 1661 (an

116 1690 203 1713 nov.
232 1678 440 1722 Species?)»
482 1689 504 1711 a
542 1679 696 1722 Harvey
734 1678 975 1722 inscriptam:
1016 1681 1096 1712 tum
1133 1678 1258 1722 aliam,
1292 1679 1339 1712 ab
1366 1689 1410 1712 eo
1436 1679 1508 1712 sub
1534 1689 1596 1712 n:o
1622 1678 1692 1713 410

114 1738 371 1779 distributam,
398 1737 554 1771 nomine
586 1736 681 1771 »Cal¹
709 1737 871 1772 coccinea
896 1749 972 1772 var.
993 1737 1162 1772 crinalis»
1192 1738 1426 1781 inscriptam.
1465 1739 1510 1771 In
1538 1737 1691 1782 Synops.

117 1797 264 1840 Phycol.
291 1796 468 1831 australis
506 1797 616 1830 siccis
656 1797 817 1840 pedibus
854 1808 923 1831 nec
953 1798 999 1831 de
1026 1797 1285 1839 varietatibus
1313 1808 1383 1831 nec
1409 1797 1456 1831 de
1481 1793 1582 1832 nova
1607 1808 1692 1840 qua-

116 1858 205 1891 dam
233 1857 375 1900 Specie,
403 1856 463 1889 his
490 1856 738 1890 varietatibus
766 1857 962 1898 instructa,
990 1857 1224 1890 mentionem
1255 1857 1446 1899 quandam
1473 1857 1574 1891 fecit.
1625 1858 1693 1891 De-

116 1917 298 1951 scribenti
325 1916 419 1950 mihi
447 1919 579 1959 postea
606 1916 789 1959 Speciem,
817 1917 889 1950 sub
916 1916 1071 1950 nomine
1101 1915 1137 1950 G.
1164 1915 1419 1961 maryiniferoe
1444 1916 1691 1961 propositam,

118 1976 211 2009 mihi
252 1988 323 2011 nec
355 1977 395 2010 in
429 1979 596 2010 mentem
629 1976 781 2011 venisse
807 1976 967 2015 videtur,
995 1976 1064 2009 has
1092 1977 1233 2010 formas
1261 1986 1348 2010 cum
1376 1976 1507 2019 Specie
1533 1976 1604 2010 sub
1631 1987 1692 2010 no-

118 2036 220 2070 mine
263 2035 298 2070 G.
327 2034 580 2080 maryiniferae
613 2047 633 2069 a
665 2046 726 2070 me
763 2036 963 2079 descripta,
992 2036 1101 2079 cujus
1128 2036 1303 2070 habitum
1330 2046 1480 2079 quoque
1506 2047 1607 2070 nunc
1633 2038 1693 2070 sat

114 2095 312 2129 diversum
351 2095 439 2138 vidi,
480 2095 519 2128 in
558 2095 832 2138 speciminibus
872 2095 966 2128 mihi
1005 2095 1270 2138 praesentibus.
1320 2096 1457 2129 Postea
1487 2105 1534 2128 ex
1561 2094 1692 2130 Cla-rks

117 2155 248 2188 Island
274 2154 485 2198 specimina
511 2165 715 2188 numerosa
741 2154 976 2197 comparanti
1004 2154 1109 2195 mihi,
1142 2157 1179 2188 et
1205 2154 1303 2189 inter
1329 2155 1410 2188 haec
1437 2165 1586 2198 quoque
1612 2165 1692 2198 spe-

114 2214 258 2247 cimina
283 2217 365 2248 tum
392 2214 526 2248 habitu
553 2213 717 2248 invicem
744 2214 905 2257 diversa,
932 2217 1014 2248 tum
1040 2214 1137 2248 bene
1164 2214 1484 2258 cystocarpiifera,
1519 2214 1691 2257 Speciem

118 2274 310 2317 propriam
337 2273 633 2316 dignoscendam
661 2273 803 2316 putavi,
831 2284 914 2316 quae
941 2273 1227 2316 dignosceretur
1252 2276 1334 2307 tum
1361 2274 1493 2307 habitu
1521 2276 1558 2307 et
1583 2273 1692 2307 rami-

117 2332 306 2366 ficationis
344 2343 488 2375 norma,
520 2335 602 2366 tum
629 2332 819 2376 praecipue
846 2333 1104 2376 cystocarpiis,
1132 2343 1215 2375 quae
1242 2333 1282 2366 in
1309 2333 1516 2375 segmentis
1543 2343 1692 2376 quoque

118 2392 362 2426 inferioribus
402 2395 440 2426 et
477 2392 516 2425 in
553 2392 725 2435 pluribus
762 2392 1024 2435 superpositis,
1053 2392 1178 2435 ipsum
1206 2392 1354 2426 discum
1380 2392 1606 2436 occupantia
1632 2393 1692 2427 ob-

119 2451 278 2486 servavi.
329 2452 440 2485 Hanc
478 2451 593 2494 igitur
632 2451 801 2494 Speciem
843 2451 902 2485 sui
940 2451 1035 2495 Juris
1075 2440 1227 2491 credidi,
1269 2452 1328 2485 cui
1361 2462 1511 2495 quoque
1537 2452 1691 2495 formas,

118 2510 202 2554 ipso
240 2511 374 2544 habitu
414 2511 606 2554 paulisper
645 2511 836 2545 variantes
875 2511 1124 2545 adnumerare
1157 2521 1272 2545 ausus
1306 2522 1390 2544 sum
1416 2512 1511 2555 (tum
1538 2512 1610 2545 hoc
1636 2522 1692 2545 re-

118 2572 262 2613 spectu,
290 2572 372 2603 tum
398 2570 483 2613 ipsa
508 2569 694 2603 tenuitate
720 2570 866 2604 frondis
894 2573 931 2604 et
956 2571 1080 2604 colore
1107 2571 1281 2604 coccineo
1313 2581 1398 2604 cum
1430 2569 1502 2604 Cal.
1531 2570 1692 2605 coccinea

119 2628 398 2673 congruentes);
427 2630 474 2663 ab
502 2630 573 2663 hac
598 2640 688 2664 vero
715 2630 932 2664 evolutione
959 2630 1281 2673 cystocarpiorum
1308 2630 1347 2663 in
1366 2629 1572 2673 segmentis
1591 2630 1691 2663 infra

119 2688 384 2723 terminalibus
411 2689 571 2723 diversa.
623 2689 682 2722 Ad
712 2688 785 2723 Gal.
812 2689 1096 2734 nmryiniferam
1122 2693 1203 2723 tum
1230 2690 1449 2734 primariam
1474 2690 1509 2733 (a
1534 2700 1595 2723 me
1619 2690 1642 2724 1.
1661 2700 1690 2724 c.

119 2748 363 2791 descriptam)
395 2748 514 2791 magis
548 2748 737 2792 pinnatim
768 2749 1068 2792 decompositam
1095 2752 1133 2783 et
1158 2760 1259 2783 nunc
1286 2749 1439 2783 rachide
1464 2749 1597 2783 latiore
1622 2752 1692 2783 ste—

118 2807 178 2839 rili
219 2807 454 2848 instructam,
494 2810 576 2841 tum
615 2808 756 2842 formas
795 2819 817 2841 a
854 2809 1008 2852 Harvey
1040 2809 1112 2842 sub
1146 2809 1301 2842 nomine
1331 2808 1405 2843 Gal.
1432 2807 1590 2843 coccinea
1615 2818 1690 2842 var.

115 2866 257 2899 ‘crinali
280 2870 317 2900 et
343 2878 418 2901 var.
447 2869 586 2902 comata
613 2867 835 2902 distributas
863 2867 1122 2902 adnumeravi.
