1779 3068
82 132 111 170 4

81 248 265 295 formas,
316 259 429 300 quas
476 243 582 286 huic
630 243 794 286 Generi
843 257 925 286 sua
965 243 1184 286 affinitate
1217 245 1446 300 proximas
1479 260 1651 297 censeo,

82 329 362 372 quamquam
396 315 651 358 evolutione
673 314 816 370 ipsius
838 313 1012 356 frondis
1036 314 1178 357 multo
1200 315 1447 358 inferiores.
1499 316 1653 366 Quum

80 387 150 429 his
185 400 365 441 quoque
399 386 571 428 eluceat
603 399 742 440 quam
774 384 907 440 longe
930 385 1057 427 aliter
1079 385 1427 441 interpretandae
1450 387 1539 430 sint
1560 388 1653 430 affi-

81 459 243 500 nitates
281 457 555 507 CoZeochoetis,
591 470 772 512 quoque
804 455 859 498 de
887 456 956 498 his
979 456 1064 499 1100
1086 455 1182 499 1000
1205 471 1350 512 pauca
1371 472 1582 500 moneam
1599 457 1651 514 ³⁸).

222 611 254 654 ⁹³³)
279 613 333 646 De
359 622 459 646 nova
486 611 637 654 Species
665 611 780 645 Novae
807 610 1022 644 Hollandiae
1048 611 1297 645 APIOCYSTIS
1324 612 1544 646 W1Lsoms.

223 695 409 730 Scribenti
448 693 543 728 mihi
581 694 653 728 hoc
691 694 774 728 loco
812 694 859 727 de
895 692 1105 728 Ooleochoete
1142 694 1301 737 ejusque
1337 694 1534 736 affinitate,
1560 695 1653 739 jam-

77 755 223 789 dudum
262 765 284 788 a
320 753 561 797 Pringsheim
600 753 654 787 ita
691 753 942 796 interpretata
978 755 1022 787 ut
1059 753 1106 787 de
1144 753 1332 788 affinitate
1367 754 1540 798 ejusdem
1566 765 1653 788 cum

79 814 197 858 Algis,
225 823 318 857 quas
347 814 619 856 Zoospermeas
646 812 737 855 dixi,
765 812 870 846 nulla
896 812 1013 846 dubia
1030 823 1253 856 permanere
1271 813 1533 853 credidissem;
1562 816 1653 848 atta-

77 884 166 908 men
204 873 363 907 ulterius
402 872 575 915 quaedam
611 872 749 905 addere
782 871 936 915 placuit,
963 872 1010 905 de
1036 871 1110 905 alia
1135 872 1277 915 planta,
1304 882 1418 914 quam
1444 883 1514 906 suo
1540 873 1653 907 modo

76 933 123 967 ad
150 933 357 967 affinitates
384 932 519 965 harum
545 931 762 974 plantarum
788 931 1033 965 illustrandas
1061 931 1233 965 conferre
1259 931 1420 974 speravi.

219 992 315 1025 Mihi
354 991 507 1034 quidem
545 991 772 1034 jamdudum
808 990 977 1024 innotuit
1008 991 1148 1034 planta,
1176 1001 1308 1025 revera
1332 991 1411 1034 jam
1439 989 1530 1025 1889
1558 991 1653 1025 mihi

75 1063 123 1086 ex
150 1051 343 1085 Australia
369 1061 390 1084 a
416 1049 590 1084 Bracebr.
618 1048 757 1083 VVilson
783 1049 910 1091 missa,
938 1060 1051 1092 quam
1078 1050 1118 1083 in
1145 1050 1276 1093 planta
1302 1050 1466 1092 quadam
1495 1050 1653 1094 Sphace-

75 1111 256 1145 larioidea
294 1107 482 1143 immenso
521 1119 680 1143 numero
713 1108 1002 1152 provenientem
1040 1109 1148 1152 quasi
1175 1109 1417 1152 parasiticam
1444 1110 1577 1149 habui;
1606 1110 1652 1144 de

76 1171 185 1213 cujus
222 1180 311 1205 vero
347 1169 534 1202 affinitate
568 1168 709 1202 indicia
735 1168 840 1201 nulla
866 1168 961 1201 mihi
987 1169 1059 1202 1100
1085 1171 1257 1212 tempore
1282 1169 1452 1202 adfuisse
1477 1169 1653 1203 lubenter

75 1229 333 1270 concederem,
373 1239 487 1271 quam
526 1238 615 1262 vero
654 1227 768 1261 hodie
806 1227 1138 1261 observationibus
1177 1228 1360 1261 insistens
1399 1228 1540 1262 eximie
1572 1228 1651 1262 illu-

75 1289 285 1323 strantibus
312 1299 334 1321 a
360 1288 507 1330 600130
533 1288 600 1320 Τ11.
628 1287 758 1321 Moore
790 1287 829 1319 in
866 1287 953 1321 viva
985 1287 1116 1330 planta
1142 1287 1252 1320 factis
1280 1287 1421 1330 speciei
1449 1287 1651 1331 cujusdam

75 1348 320 1388 Americanae,
360 1358 474 1389 quam
512 1346 584 1380 sub
620 1345 775 1379 nomine
810 1344 1050 1390 C'hlorocystis
1079 1345 1206 1380 Oohm'i
1232 1346 1285 1380 ita
1311 1346 1541 1390 descriptam
1569 1357 1652 1381 cen-

73 1417 150 1450 500,
177 1410 220 1441 111
245 1407 291 1440 de
318 1407 434 1449 hujus
462 1405 649 1439 affinitate
676 1416 722 1439 ex
749 1416 826 1439 una
852 1408 958 1448 parte
985 1416 1071 1439 cum
1102 1405 1321 1447 Ooleochaete,
1347 1417 1393 1439 ex
1421 1406 1538 1440 altera
1564 1417 1651 1440 cum

73 1466 204 1510 planta
230 1468 360 1500 nostra
386 1465 553 1499 Australi
579 1465 684 1498 nulla
711 1464 828 1498 dubia
854 1475 1076 1507 permanere
1103 1465 1306 1499 crederem.

215 1526 315 1559 Dum
354 1535 442 1559 vero
487 1522 725 1568 Chlorocystis
756 1521 895 1564 Cohm'i,
934 1526 977 1557 ut
1015 1535 1098 1557 eam
1131 1524 1346 1567 designavit
1380 1525 1521 1565 Moore,
1548 1525 1651 1559 sistit

72 1585 284 1628 plantulam
322 1584 604 1626 subglobosam,
644 1586 682 1617 01
719 1583 790 1617 sub
829 1583 1019 1626 ejusmodi
1054 1584 1176 1617 forma
1207 1585 1286 1617 fere
1312 1584 1428 1618 totius
1455 1595 1534 1618 suae
1562 1584 1649 1619 vitae

73 1644 302 1678 curriculum
328 1643 509 1687 perficiat,
537 1643 602 1677 vix
630 1642 846 1686 conspicuo,
874 1645 917 1676 ut
942 1642 1098 1683 diceres,
1126 1643 1327 1677 radiculari
1354 1644 1537 1687 adparatu
1565 1644 1649 1677 aliis

71 1704 177 1746 Algis
216 1704 393 1743 adfixam,
433 1706 547 1745 atque
585 1702 739 1736 demum
778 1702 818 1735 in
852 1702 977 1736 media
1004 1713 1073 1735 sua
1098 1703 1260 1737 ventrali
1288 1705 1394 1746 parte
1420 1713 1551 1737 sorum
1577 1703 1650 1746 glo-

70 1762 207 1797 bosum
245 1762 501 1806 sporidiorum
539 1764 794 1804 generantem,
835 1771 947 1803 quem
986 1764 1069 1795 tum
1095 1771 1117 1794 a
1143 1764 1325 1795 contentu
1361 1761 1481 1805 ipsius
1510 1762 1649 1805 plantae

70 1823 210 1856 sterilis
250 1821 562 1865 dignoscendum,
601 1823 683 1855 tum
722 1820 806 1864 ipso
842 1831 911 1854 5110
938 1820 1177 1854 formationis
1205 1821 1318 1855 modo
1345 1821 1649 1855 characteristico

70 1881 178 1924 quasi
205 1892 227 1915 a
252 1881 426 1925 plurimis
465 1880 571 1923 Algis
610 1880 874 1923 Zoospermeis
908 1880 1163 1921 abludentem,
1198 1880 1393 1923 proprium
1420 1880 1528 1923 quasi
1555 1880 1649 1914 ordi—

70 1937 159 1975 nem
197 1941 271 1975 sibi
309 1940 569 1984 postulantem
601 1939 750 1973 facilius
784 1939 868 1982 quis
901 1939 1106 1982 putaverit;
1147 1939 1318 1982 plantam
1357 1942 1497 1981 contra,
1534 1950 1648 1982 quam

69 2011 117 2034 ex
155 2001 264 2035 Nova
300 1999 506 2033 Hollandia
545 2001 677 2039 ortam,
718 2009 804 2032 cum
843 2009 887 2032 ea
919 1998 1215 2041 comparandam
1246 1998 1359 2032 hodie
1386 1999 1538 2039 credidi,
1565 2002 1648 2033 tum

68 2071 138 2094 sua
165 2059 438 2102 magnitudine,
465 2061 508 2092 ut
534 2061 707 2101 putarem
735 2057 939 2100 conspicue
966 2060 1127 2098 auctam,
1154 2061 1237 2091 tum
1263 2068 1332 2091 sua
1358 2058 1480 2092 forma
1500 2058 1646 2092 frondis

69 2119 232 2154 obovata
271 2121 335 2152 aut
373 2117 583 2161 pyiiformi,
617 2117 710 2159 quin
744 2117 861 2150 immo
888 2117 995 2160 quasi
1022 2117 1062 2150 in
1088 2128 1213 2150 ramos
1240 2118 1455 2151 conformes
1483 2118 1648 2152 abeunte

68 2179 269 2219 diversam,
309 2188 357 2211 ne
395 2176 519 2211 dicam
558 2177 733 2210 frondem
771 2176 906 2210 sistere
943 2176 1087 2219 (paucis
1120 2179 1250 2210 tamen
1288 2176 1417 2218 ramis)
1440 2176 1512 2210 rite
1538 2176 1646 2220 proli-

59 2226 205 2277 'feram3
246 2237 306 2270 his
345 2247 433 2271 vero
470 2235 661 2270 concessis
695 2235 992 2276 diversitatibus,
1019 2238 1220 2278 utramque
1246 2236 1416 2279 plantam
1444 2236 1647 2270 convenire

67 2300 149 2331 tum
187 2307 257 2330 suo
296 2295 450 2331 vivendi
489 2295 614 2338 modo,
653 2298 735 2328 tum
774 2305 843 2328 sua
882 2294 1186 2329 fructificationis
1226 2295 1364 2336 indole,
1397 2305 1535 2338 nempe
1566 2295 1645 2329 suis

68 2357 239 2400 partibus
279 2355 486 2389 fructiferis
525 2354 670 2388 sensim
703 2354 742 2387 in
778 2365 908 2388 sorum
934 2354 1131 2398 proprium
1158 2354 1384 2398 conjunctis,
1412 2365 1459 2388 ex
1486 2365 1560 2397 quo
1586 2354 1645 2388 de-

67 2422 173 2450 mum
211 2404 436 2458 separantur
474 2413 642 2457 sporidia
681 2416 785 2447 mota
822 2413 991 2457 praedita,
1025 2416 1138 2456 atque
1174 2413 1268 2447 alios
1295 2414 1531 2447 characteres
1558 2413 1644 2447 offe-

66 2475 200 2515 rentia,
240 2474 377 2517 quibus
417 2473 531 2516 Algas
572 2483 665 2515 quas
698 2473 970 2516 Zoospermeas
997 2472 1088 2515 dixi,
1115 2463 1341 2515 jamdudum
1368 2472 1643 2516 dignoscendas

67 2534 210 2578 putavi,
238 2533 277 2567 id
302 2532 455 2575 quidem
485 2532 550 2566 vix
569 2531 822 2565 dubitandum
842 2532 937 2565 mihi
955 2532 1187 2575 adparuisse,
1207 2532 1382 2566 lubenter
1399 2542 1642 2566 assumerem.

67 2593 150 2634 Quo
189 2592 301 2625 modo
341 2591 387 2624 ad
425 2601 555 2624 sorum
594 2590 790 2633 proprium
829 2591 1073 2625 formandum
1107 2594 1245 2625 coeunt
1271 2591 1353 2625 aliae
1380 2594 1506 2634 partes
1534 2590 1642 2624 endo-

66 2651 283 2691 chromatis,
323 2650 406 2684 aliis
447 2649 760 2693 permanentibus
799 2650 1004 2691 sterilibus,
1037 2653 1080 2684 ut
1114 2661 1136 2684 a
1166 2651 1296 2684 Moore
1334 2650 1642 2693 quandoquidem

66 2712 311 2746 observatum
348 2709 473 2749 fuerit,
513 2709 566 2742 ita
604 2719 754 2752 quoque
792 2712 831 2743 at
863 2709 983 2743 multo
1010 2709 1225 2744 evidentius
1252 2709 1292 2743 in
1318 2709 1449 2752 planta
1474 2708 1642 2742 Australi

67 2771 179 2804 aliam
218 2769 362 2803 cellulae
399 2768 573 2811 (frondis)
610 2771 756 2811 partem
796 2767 974 2809 sterilem,
1014 2771 1053 2802 at
1088 2779 1158 2802 suo
1185 2770 1366 2802 contentu
1392 2768 1565 2802 tenuiore
1590 2767 1642 2801 in-

64 2832 259 2869 structam,
299 2827 412 2861 aliam
451 2830 598 2870 partem
635 2827 676 2860 in
713 2837 837 2861 sorum
875 2827 1088 2870 globosum,
1128 2827 1235 2870 quasi
1274 2827 1430 2861 densius
1467 2827 1641 2862 coalitam

63 2889 280 2928 observavi;
322 2897 450 2920 sorum
489 2889 618 2920 tamen
656 2886 695 2919 in
735 2886 930 2920 nonnullis
966 2887 1046 2920 fere
1072 2897 1094 2920 a
1120 2889 1200 2921 toto
1231 2888 1412 2921 contentu
1439 2886 1641 2920 endochro-
