1779 3068
90 105 146 145 82
715 99 1036 140 GRACILARIAE.

91 221 244 262 Genus
297 219 508 260 Plocariae
556 216 816 259 referendis.
890 215 1126 271 Ejusmodi
1176 217 1343 258 formas
1397 215 1661 258 cellularum

89 291 352 332 interiorum
396 288 714 344 provenientes
747 287 840 330 vidi
872 287 918 328 in
954 286 1196 340 Speciebus
1229 292 1307 328 aut
1338 287 1496 328 formis
1530 290 1660 328 aetate

90 360 234 416 magis
267 360 502 415 provectis,
538 373 650 413 quas
680 358 735 400 ad
760 358 1054 400 Gracilariam
1077 357 1380 400 cervicornem
1403 357 1662 399 referendas

89 432 259 487 putavi.
323 430 601 472 Inchoantur
633 431 702 471 hae
735 429 905 471 cellulae
937 429 1110 470 intimae
1142 429 1235 470 fere
1258 433 1556 484 congruentes
1580 441 1663 470 sua

89 503 239 544 forma
283 506 326 543 et
367 501 658 556 dispositione
697 515 800 542 cum
834 500 1027 542 axilibus
1060 500 1159 549 illis,
1194 514 1306 555 quas
1340 500 1386 541 in
1420 499 1662 555 Speciebus

89 573 226 615 Podei
275 572 626 627 microcystideis
678 586 747 613 me
796 571 960 613 vidisse
1009 575 1137 626 puto;
1181 574 1315 626 prout
1347 576 1499 612 autem
1531 570 1660 612 cellu-

89 645 232 686 larum
282 644 551 685 exteriorum
600 657 842 684 numerum
890 646 1073 684 auctum
1121 641 1228 691 vidi,
1272 641 1454 683 cellulas
1487 641 1661 683 intimis

90 714 283 757 axilibus
316 714 544 770 proximas
577 714 670 755 fieri
705 713 853 755 adhuc
886 713 1030 767 magis
1064 712 1270 754 dilatatas
1304 716 1347 754 et
1374 711 1483 767 ipsis
1506 725 1661 766 cogen-

90 786 210 828 tibus
233 785 431 827 locorum
456 785 677 840 angustiis
699 786 852 826 forsan
877 798 1105 826 assumere
1127 784 1322 825 formam
1346 797 1480 838 quam
1502 783 1661 838 plecto-

91 857 300 913 cystideis
333 856 738 898 characteristicam
772 855 941 911 putavi.
997 855 1129 896 Hanc
1161 869 1267 897 vero
1300 854 1444 910 ipsam
1469 855 1662 895 formam

91 928 174 970 sub
208 928 304 970 aliis
338 927 606 970 evolutionis
640 927 795 969 stadiis
834 927 1049 982 adparere
1083 925 1330 967 admodum
1364 925 1587 968 diversam
1621 929 1666 967 et

91 1004 362 1052 structuram
416 1000 558 1055 ipsius
611 998 782 1041 frondis
834 999 882 1040 in
933 998 1031 1040 aliis
1080 997 1403 1053 speciminibus
1451 996 1665 1039 obvenire

92 1086 222 1127 posse
255 1071 492 1119 diversam,
528 1069 650 1112 haud
683 1070 721 1112 is
754 1084 868 1119 sum,
909 1070 987 1124 qui
1020 1083 1231 1124 negarem
1253 1067 1304 1124 ²³⁶)

234 1142 373 1184 Prout
412 1142 550 1197 igitur
591 1141 770 1197 Species
815 1140 1072 1182 Gracilariae
1111 1139 1298 1182 Generis
1332 1153 1413 1181 sua
1445 1139 1664 1181 affinitate

91 1214 309 1269 proximae
342 1213 452 1254 mihi
486 1212 806 1268 adparuerunt‚
842 1215 1079 1266 sequentes
1119 1211 1376 1265 Specierum
1420 1210 1571 1265 Typos
1606 1209 1664 1251 ad

92 1284 357 1326 Sub-Genus
389 1283 527 1325 Podei
560 1282 818 1324 referendos
852 1281 1056 1323 lubenter
1088 1295 1385 1323 assumerem:

530 1414 558 1467 †
589 1413 957 1454 PLocAmomEAE
990 1412 1149 1466 fronde
1181 1412 1439 1464 adparenter
1470 1411 1664 1465 microcy-

588 1484 724 1526 sticlea
767 1483 973 1533 subtereti,
1008 1483 1097 1525 suis
1134 1483 1268 1525 ramis
1292 1482 1390 1537 fere
1421 1496 1666 1538 quoquover-

587 1570 680 1597 sum
716 1555 938 1608 porrectis,
983 1555 1167 1606 eoespz'tes
1207 1554 1542 1607 subcorymbosos
1571 1553 1665 1608 for-

587 1631 738 1676 mante,
782 1626 967 1679 sinyuzz‘s
1006 1626 1141 1668 ramis
1187 1624 1555 1678 di-polychotoma,
1598 1637 1665 1667 ra-

589 1699 723 1740 mulos
754 1699 985 1751 conformes
1012 1701 1086 1738 aut
1109 1711 1435 1753 quoquoversum
1450 1699 1668 1749 porrectos

590 1773 666 1811 aut
702 1769 840 1823 mayis
879 1768 1088 1820 bifariam
1129 1781 1335 1821 expansos
1357 1767 1664 1822 formantibus,

588 1841 778 1883 ramellz's
817 1840 980 1882 ultimis
1017 1854 1129 1881 nunc
1166 1839 1306 1892 magis
1344 1838 1500 1880 obtusis
1536 1841 1574 1879 et
1603 1838 1667 1879 in-

589 1912 746 1961 nocuis,
781 1926 894 1954 nunc
926 1911 1144 1965 conspicue
1176 1910 1428 1962 attenuatis‚-
1467 1913 1665 1964 cystocar-

239 2079 271 2123 '')
297 2078 541 2122 Comparanti
568 2089 700 2113 revera
725 2079 819 2112 mihi
846 2078 960 2112 hodie
984 2077 1135 2121 Species
1153 2078 1334 2119 diversas,
1354 2087 1448 2119 quas
1467 2077 1514 2110 ad
1534 2076 1664 2110 Genus

95 2139 311 2174 Gracilariae
350 2138 567 2172 referendas
607 2138 750 2181 putavi,
789 2148 939 2180 quoque
978 2137 1017 2170 in
1056 2137 1307 2180 dispositione
1340 2135 1664 2180 cystocarpiorum

94 2198 285 2241 quandam
324 2197 579 2231 differentiam
619 2208 679 2230 me
719 2197 942 2231 observasse
981 2196 1094 2230 hodie
1127 2196 1348 2229 meminisse
1379 2196 1512 2238 placet.
1564 2196 1664 2228 Dum

94 2257 276 2291 nimirum
311 2257 350 2290 in
382 2256 598 2290 Gracilariis
626 2257 788 2299 propriis
815 2256 1051 2300 cystocarpia
1077 2258 1306 2298 generantur
1331 2256 1409 2288 fere
1436 2255 1475 2288 in
1502 2264 1665 2297 unaqua-

95 2327 168 2359 que
207 2319 313 2359 parte
345 2316 491 2350 frondis
528 2319 565 2349 et
598 2316 681 2349 sine
707 2316 784 2349 ulla
809 2316 902 2348 mihi
931 2315 1136 2358 conspicua
1162 2315 1408 2348 distinctione
1434 2323 1665 2357 quoquover-

95 2387 180 2409 sum
219 2378 402 2418 porrecta,
429 2386 530 2409 nunc
569 2375 662 2417 quin
700 2375 817 2408 immo
856 2375 936 2408 fere
971 2374 1147 2417 opposita
1172 2373 1210 2406 in
1238 2373 1408 2407 diversas
1435 2373 1665 2407 directiones

94 2435 302 2476 tendentia,
330 2435 481 2477 Species
508 2434 624 2468 Podei
651 2434 910 2477 complanatas
937 2443 1088 2476 semper
1113 2433 1153 2466 in
1175 2433 1376 2476 paginibus
1398 2433 1522 2476 planis
1546 2436 1666 2476 cysto-

96 2494 314 2536 carpiiferas
341 2504 402 2527 me
428 2494 569 2528 vidisse
595 2496 699 2537 puto.
751 2494 797 2527 Et
824 2494 895 2527 hoc
921 2496 1095 2536 respectu
1131 2492 1365 2536 comparanti
1392 2492 1486 2525 mihi
1514 2492 1664 2535 Species

96 2553 280 2595 quasdam
307 2556 350 2586 ut
374 2553 521 2596 typicas
549 2553 786 2595 Gracilarias,
814 2563 884 2586 sua
909 2553 1031 2586 forma
1050 2552 1196 2585 frondis
1214 2552 1387 2593 ducente,
1407 2551 1664 2585 consideratas

96 2622 157 2645 me
196 2612 234 2644 in
274 2612 334 2645 his
373 2612 515 2646 vidisse
550 2609 787 2655 cystocarpia
822 2611 1086 2655 provenientia
1111 2621 1219 2644 secus
1246 2621 1365 2644 unum
1391 2611 1490 2644 latus
1517 2610 1664 2644 frondis

96 2674 162 2704 aut
198 2671 346 2713 seriata,
386 2674 451 2704 aut
488 2671 611 2714 ipsam
650 2672 749 2704 hanc
787 2671 981 2704 rachidem
1020 2670 1184 2704 fertilem
1224 2670 1405 2704 obvenire
1439 2681 1514 2704 uno
1548 2670 1665 2703 latere

97 2729 268 2771 ejusdem
308 2730 602 2773 complanatam;
643 2731 735 2772 quin
775 2730 891 2763 immo
924 2732 1164 2772 segmentum
1192 2729 1316 2763 fertile
1342 2740 1444 2763 nunc
1470 2729 1666 2772 paulisper

98 2788 287 2821 cuneatim
327 2789 538 2831 dilatatum,
575 2792 613 2822 et
644 2789 683 2822 in
714 2789 871 2822 dilatata
897 2792 1003 2832 parte
1030 2789 1266 2832 cystocarpia
1291 2788 1399 2831 plura
1424 2799 1539 2831 supra
1566 2788 1666 2831 pagi-

98 2856 185 2879 nam
213 2847 265 2880 ita
291 2848 491 2881 formatam
518 2848 754 2891 juxtaposita
780 2858 841 2881 me
867 2848 1100 2882 observasse.
