1779 3068
96 104 153 144 86
716 103 1042 145 GRACILARIAE.

586 221 859 274 maryz'neque
895 222 1225 276 inteyrz'usculz's,
1265 224 1542 277 cystocarpz'z's
1588 225 1661 267 mi-

584 293 699 334 nutis
730 307 862 346 supra
886 293 1078 346 payz'nas
1109 295 1288 346 sparsis.

88 390 157 429 44.
230 387 313 429 GR.
351 402 557 428 LINGULA
593 388 637 429 J.
672 388 755 440 Ag).
791 402 910 430 mser.
933 386 983 441 *).

466 519 554 572 †††
587 517 992 560 CHONDRIFORMES
1031 520 1193 573 fronde
1230 521 1309 561 rite
1349 520 1663 574 platycystz'dea

585 594 623 631 et
666 591 1057 643 compresso-plana,
1102 591 1239 632 ramis
1277 605 1302 633 α
1340 591 1533 645 maryine
1572 593 1662 633 sub-

586 661 775 714 ancz'pz'te
815 665 1027 704 attenuato
1065 662 1313 704 exeuntibus
1345 666 1420 704 aut
1445 662 1662 715 pauciori-

587 734 662 774 bus
708 732 835 788 quasi
876 733 1010 785 vaqz's,
1051 737 1126 775 aut
1165 733 1304 786 magis
1334 733 1557 786 pinnatam
1589 738 1665 775 aut

573 804 832 859 flabellatim
880 804 1110 857 dispositis
1165 804 1212 846 in
1259 804 1398 858 mayz's
1446 804 1664 860 definitam

574 875 766 930 formam
778 876 1049 930 flabellatam
1072 876 1358 928 tendentibus;
1385 875 1664 930 cystocarpz'z's

589 961 723 1000 supra
749 947 940 1000 payz'nas
963 948 1127 1000 planas
1150 946 1508 1000 provenientibus.

88 1042 158 1082 45.
231 1041 313 1082 Ga.
350 1041 711 1083 CHONDRIOIDES
751 1041 848 1083 Um.
884 1042 931 1083 in
963 1043 1084 1084 Flor.
1125 1042 1303 1084 Gnadel.
1332 1057 1377 1096 p.
1403 1043 1502 1084 222
1521 1040 1601 1096 *ἢ

234 1196 267 1235 *ἢ
293 1198 452 1238 Qualem
480 1199 577 1232 hanc
604 1198 774 1240 plantam
802 1201 883 1231 tum
910 1209 957 1231 ex
985 1197 1223 1231 meridionali
1250 1197 1377 1231 littore
1405 1197 1554 1231 Arabiae
1581 1200 1665 1230 tum

87 1267 135 1290 ex
163 1257 326 1299 quodam
355 1256 539 1291 Chinensi
566 1257 692 1290 littore
718 1257 1007 1300 provenientem
1035 1257 1123 1297 vidi,
1151 1257 1311 1290 eandem
1335 1256 1470 1290 sistere
1488 1256 1664 1290 frondem

87 1315 181 1350 3—4
208 1316 437 1359 pollicarem,
466 1317 646 1359 adspectu
674 1316 834 1358 rigidam
862 1319 899 1349 et
926 1316 1222 1359 cartilagineam,
1249 1316 1389 1349 chartae
1416 1316 1519 1349 haud
1543 1315 1664 1349 adhae-

87 1378 241 1417 rente-1117
267 1376 474 1418 segmentis
495 1377 574 1409 fere
593 1376 771 1409 omnibus
791 1375 1062 1416 conformibus,
1082 1375 1547 1418 lineam—sesquilineam
1564 1374 1663 1415 latis,

87 1435 230 1469 infimis
256 1436 388 1469 basem
415 1446 547 1469 versus
574 1436 764 1469 cuneatim
793 1436 1011 1478 attenuatis,
1039 1438 1077 1468 at
1104 1446 1192 1468 mox
1219 1435 1259 1468 in
1285 1434 1528 1468 latitudinem
1554 1444 1663 1477 supe—

85 1495 228 1529 riorum
268 1496 345 1528 fere
384 1495 556 1529 omnium
595 1495 787 1538 expansis.
840 1496 1042 1537 Segmenta
1075 1494 1228 1538 propria
1260 1494 1406 1527 frondis
1433 1493 1663 1527 dicliotomae

87 1555 267 1598 pauciora
299 1554 377 1588 vidi
411 1565 512 1588 nunc
545 1555 624 1588 fere
651 1555 826 1597 pollicem
854 1555 1018 1589 invicem
1046 1554 1238 1594 distantia,
1265 1564 1430 1596 superne
1457 1552 1577 1595 magis
1605 1553 1664 1586 ad-

87 1614 302 1657 proximata
340 1617 453 1657 atque
490 1614 832 1657 prolificationibus
870 1614 1027 1657 insuper
1053 1616 1173 1654 aucta,
1202 1613 1322 1655 magis
1349 1612 1598 1646 erectiuscula
1624 1612 1664 1645 in

87 1674 223 1707 fronde
262 1674 326 1708 vix
366 1676 468 1707 certo
507 1674 620 1707 modo
659 1674 769 1707 aliter
801 1674 1073 1717 decomposita.
1124 1674 1169 1706 In
1200 1673 1335 1706 fronde
1361 1671 1666 1705 transversaliter

87 1736 190 1767 secta
217 1733 281 1767 vix
308 1733 484 1767 cellulam
511 1733 701 1776 quandam
728 1734 799 1767 rite
826 1734 964 1767 axilem
992 1734 1092 1766 inter
1118 1733 1210 1766 alias
1237 1742 1370 1766 omnes
1398 1731 1518 1774 magis
1537 1734 1662 1765 rotun-

87 1793 375 1835 dato-oblongas
402 1796 441 1826 at
466 1793 623 1836 insuper
650 1794 865 1827 evidentius
892 1794 1090 1835 angulatas
1122 1793 1297 1834 detegere
1324 1791 1419 1824 mihi
1446 1791 1509 1825 vix
1537 1790 1660 1830 licuit;

87 1853 156 1886 has
185 1863 273 1886 vero
300 1853 455 1886 cellulas
482 1853 685 1896 multiplici
711 1853 808 1887 serie
832 1853 939 1896 (3-5
966 1851 1177 1894 numeravi)
1202 1851 1407 1894 dispositas
1435 1853 1473 1884 et
1496 1850 1662 1883 invicem

87 1912 159 1945 rite
198 1912 441 1954 alternantes,
481 1924 551 1946 sua
586 1913 794 1947 directione
830 1913 1020 1955 margines
1047 1922 1180 1946 versus
1207 1911 1353 1945 frondis
1381 1910 1445 1945 vix
1471 1909 1661 1952 longiores

88 1982 202 2014 quam
243 1972 402 2015 paginas
436 1983 569 2006 versus
603 1983 806 2015 expansas,
834 1972 979 2006 intimae
1006 1975 1134 2005 tamen
1161 1971 1270 2004 seriei
1300 1969 1483 2013 proximae
1509 1978 1665 2011 sequen-

88 2031 191 2064 tibus
219 2032 332 2074 paulo
359 2032 564 2074 longiorem
594 2035 712 2066 strato
740 2032 904 2074 denique
930 2031 1099 2065 corticali
1125 2041 1259 2064 omnes
1286 2032 1448 2071 tegente.
1497 2029 1543 2061 In
1570 2027 1664 2070 ipsis

89 2091 293 2133 paginibus
333 2102 454 2134 pauca
486 2095 599 2134 atque
626 2092 774 2125 minuta
800 2091 1037 2134 cystocarpia
1063 2100 1196 2133 sparsa
1222 2089 1311 2130 vidi,
1339 2088 1447 2122 oculo
1475 2087 1577 2120 nudo
1604 2097 1665 2129 pa-

89 2161 174 2184 rum
201 2151 423 2193 conspicua:
465 2152 634 2185 sectione
660 2162 749 2185 vero
776 2152 877 2184 facta
903 2151 1033 2184 eadem
1062 2150 1236 2184 vidisua
1262 2147 1469 2182 directione
1498 2145 1664 2180 verticali

88 2210 329 2244 latitudinem
369 2211 515 2244 frondis
555 2211 634 2244 fere
673 2211 881 2253 aequantia,
920 2213 1002 2244 tum
1041 2208 1314 2252 pericarpium‚
1353 2210 1434 2241 tum
1474 2206 1665 2248 nucleum,

87 2270 214 2312 qualia
253 2271 333 2304 haec
373 2270 591 2304 Gracilariis
632 2273 723 2313 puto
760 2270 898 2313 typica,
934 2280 993 2303 me
1021 2269 1236 2304 evidentius
1264 2268 1498 2308 observasse,
1526 2265 1664 2299 addere

90 2329 244 2372 placuit.

234 2389 404 2431 Speciem
441 2390 550 2432 hanc,
587 2389 709 2432 prima
740 2389 821 2423 vice
848 2390 1100 2429 observatam,
1129 2391 1171 2421 ut
1195 2388 1358 2421 'formam
1386 2385 1449 2419 Gr.
1477 2384 1665 2418 corticatae

91 2467 133 2471 ->
160 2448 309 2490 qualem
344 2459 426 2482 eam
463 2449 737 2483 multiformem
769 2449 847 2492 jam
884 2460 928 2483 eo
955 2452 1126 2492 tempore
1154 2448 1247 2481 mihi
1275 2446 1464 2489 cognitam
1491 2446 1663 2487 putarem

90 2509 260 2541 habitam
289 2508 409 2542 fuisse
436 2509 550 2542 hodie
576 2509 720 2542 dixisse
747 2509 882 2551 placet,
910 2511 1042 2551 utpote
1060 2507 1271 2551 specimina
1290 2507 1360 2539 hoc
1379 2509 1550 2547 tempore
1569 2501 1664 2535 mihi

89 2568 217 2609 missa,
244 2569 315 2601 sub
343 2569 414 2601 hoc
441 2569 595 2602 nomine
623 2580 643 2602 a
670 2579 730 2602 me
757 2568 1009 2604 determinata
1034 2568 1166 2610 fuisse,
1193 2568 1378 2609 putarem.

235 2626 291 2669 ΜΕ)
318 2628 464 2670 Speciei
490 2628 695 2661 admodum
724 2628 913 2661 distinctae
949 2627 1103 2660 unicum
1132 2629 1280 2660 tantum
1307 2624 1501 2667 specimen
1528 2632 1588 2655 me
1615 2620 1664 2654 vi-

90 2686 192 2719 disse
231 2688 422 2727 confiteon
463 2688 556 2720 mihi
592 2688 639 2720 ab
667 2687 897 2721 Auctoribus
926 2686 1048 2720 Floroe
1077 2683 1386 2728 Guacleloupensis
1412 2683 1483 2716 sub
1510 2681 1665 2715 nomine

90 2744 269 2779 Plocarioe
311 2746 553 2780 Choma-mdes
595 2746 678 2780 Gru.
712 2747 880 2780 missam.
933 2746 1106 2780 Sterilem
1146 2746 1244 2778 hanc
1283 2745 1454 2787 plantam
1489 2741 1566 2776 vidi
1600 2740 1664 2774 vix

91 2805 113 2838 3
140 2806 296 2847 pollices
324 2807 438 2840 altam
467 2812 505 2841 et
531 2808 609 2841 fere
637 2817 742 2849 aeque
769 2807 896 2847 latam,
924 2805 1143 2839 rachidibus
1170 2814 1285 2847 supra
1303 2802 1453 2846 stipites
1472 2800 1663 2835 tenuiores

91 2866 359 2906 sesqunineam
402 2868 487 2900 latis
527 2868 609 2900 basi
649 2877 719 2900 sua
757 2876 889 2908 parum
931 2864 1148 2907 angustiore
1187 2863 1311 2905 nudis,
1349 2872 1464 2905 supra
1500 2860 1664 2894 mediam
