1779 3068
77 92 134 133 84
697 89 1024 131 GRAOILARIAE.

73 211 143 250 41.
216 207 299 249 GR.
335 221 710 248 MICRODENDRON
743 206 787 250 J.
824 207 904 261 Ay.
939 222 1062 250 mser.
1083 206 1136 262 ³⁸).

603 323 654 347 ²¹⁶*
690 325 970 367 APICULATAE
1012 326 1195 368 ramulis
1235 326 1457 377 frondium
1488 327 1651 369 ultimis

690 400 759 438 sat
790 397 1008 450 conspicue
1041 397 1281 450 apiculatis.

74 528 259 562 suadente
286 527 515 562 evolutionis
543 538 675 560 norma
702 527 1025 570 cystocarpiorum
1053 528 1124 561 rite
1142 538 1340 571 perpensa,
1361 528 1409 561 ad
1427 527 1649 561 SubGenus

75 588 191 621 Podei
219 587 455 621 referendam
484 597 577 627 esse,
606 587 700 619 mihi
727 586 880 629 quidem
907 586 1022 620 nullis
1050 587 1176 620 dubiis
1204 597 1348 629 vacare,
1376 587 1650 620 assumendum

74 647 229 680 credidi.
281 646 509 689 Comparata
546 649 736 680 structura
774 646 953 679 interiore
991 646 1165 679 intimam
1194 646 1416 680 cellularum
1442 646 1579 679 seriem
1607 665 1650 669 —-

74 706 244 739 sectione
280 705 525 739 transversali
561 705 707 738 frondis
739 705 979 739 observatam
1007 724 1050 728 —
1078 708 1295 739 contextam
1324 705 1402 739 vidi
1429 705 1574 739 cellulis
1601 705 1653 738 di·

75 765 242 799 rectione
281 765 470 807 margines
510 775 642 798 versus
676 764 822 798 frondis
856 765 1060 808 conspicue
1088 765 1273 807 elongatis
1301 764 1409 807 quasi
1436 764 1536 798 axile
1563 768 1652 797 stra-

76 827 158 857 tum
198 824 393 867 proprium
433 823 706 863 formantibus3
747 823 807 856 his
847 824 1041 866 proximas
1074 824 1267 857 breviores
1301 823 1409 866 quasi
1436 823 1652 857 rotundato·

76 883 276 925 oblongas;
317 883 408 917 dum
448 883 606 926 paginas
645 894 777 917 versus
811 883 995 916 abeuntes
1027 883 1067 916 in
1093 883 1315 916 rotundatas
1343 882 1652 925 microcystideas

79 953 281 976 conversas
312 942 476 976 dicerem
507 953 623 985 supra
648 942 827 985 paginam
854 943 926 976 1100
949 942 1066 989 xmodo
1093 942 1406 984 dignoscendam3
1435 942 1474 975 in
1501 941 1653 984 regione

77 1002 185 1045 quasi
213 1002 345 1036 costali
372 1001 608 1045 cystocarpia
635 1001 899 1044 provenientia
926 1001 1017 1036 vidi.

163 1095 196 1139 *)
223 1095 307 1138 GR.
342 1110 717 1137 MICRODENDRON
765 1096 810 1138 J.
846 1096 927 1149 Ay.
968 1110 1088 1138 mser.
1139 1095 1300 1137 fronde
1349 1109 1548 1145 carnosa,
1599 1108 1655 1136 ex

221 1167 349 1209 tereti
382 1181 650 1222 compressa,
686 1181 822 1221 supra
855 1167 1042 1222 stipites,
1078 1167 1222 1221 magis
1257 1166 1475 1208 distanter
1508 1165 1654 1207 dicho-

221 1244 379 1286 tomos,
437 1252 630 1293 superne
678 1239 723 1279 in
774 1252 985 1279 coronam
1036 1238 1321 1279 dichotomiis
1371 1236 1654 1279 densioribus

223 1309 576 1365 decompositam
610 1309 954 1351 arboriformem
991 1309 1198 1359 abeunte⁷
1236 1309 1479 1363 segmentis
1502 1306 1654 1364 penul-

221 1382 343 1423 timis
392 1380 852 1435 antepenultimisque
901 1394 1022 1421 nunc
1065 1393 1203 1435 supra
1239 1379 1392 1421 basem
1428 1379 1655 1421 cuneatim

224 1452 456 1494 dilatatam
490 1451 688 1493 ramulos
722 1451 1062 1506 polychotomos
1093 1454 1346 1492 attenuatos
1370 1455 1416 1491 at
1437 1450 1656 1492 obtusius-

223 1524 346 1565 culos
379 1521 701 1571 emittentibus,
738 1522 1028 1577 cystocarpiis
1063 1522 1109 1562 in
1138 1521 1303 1576 pagina
1327 1519 1498 1562 frondis
1520 1520 1658 1575 plana

224 1608 341 1649 saepe
400 1593 521 1634 infra
581 1592 1000 1648 di-polychotomias
1061 1596 1397 1647 segmentorum
1454 1590 1655 1645 proveni-

225 1665 415 1707 entibus.

296 1747 412 1789 Hab.
448 1747 496 1788 in
530 1746 641 1789 Sinu
674 1746 930 1796 mexicano;
965 1746 1021 1787 ad
1059 1745 1175 1787 Vera
1209 1744 1323 1786 Cruz
1353 1759 1378 1786 a
1404 1744 1658 1786 Liebmann

297 1820 458 1861 lectam
489 1819 641 1860 habui.

226 1903 399 1946 Speciem
431 1903 540 1943 hanc,
575 1902 749 1945 caespites
777 1901 841 1935 vix
868 1901 1117 1944 tripollicares
1151 1899 1390 1942 longitudine
1416 1899 1657 1939 formantem,

81 1964 147 1997 diu
186 1963 226 1996 in
265 1962 451 1996 Herbario
487 1961 616 2005 habui,
649 1962 809 1994 formam
843 1960 1033 2002 quandam
1061 1959 1124 1993 Gr.
1152 1969 1378 2002 compressae
1406 1958 1592 1992 minorem
1618 1957 1659 1990 in

83 2033 128 2056 ea
153 2022 364 2065 suspicans.
416 2022 562 2055 Revera
588 2020 756 2054 sectione
783 2020 884 2053 facta
910 2019 1083 2061 ejusdem
1106 2018 1352 2052 transversali
1380 2018 1541 2051 eandem
1563 2027 1659 2050 com-

83 2092 253 2125 pressam
282 2081 360 2114 vidi
385 2084 424 2114 at
450 2080 595 2114 cellulis
622 2079 816 2122 paulisper
842 2078 1053 2111 minoribus
1081 2080 1315 2116 contextam3
1345 2080 1382 2110 et
1408 2065 1476 2109 has
1503 2075 1659 2110 cellulas

84 2141 223 2175 eximie
251 2140 480 2183 gelatinosas
507 2139 547 2172 in
573 2141 770 2181 segmento
797 2137 1042 2171 transversali
1070 2137 1163 2175 vidi;
1193 2136 1285 2178 quin
1305 2136 1422 2169 immo
1441 2136 1520 2169 fere
1538 2134 1659 2177 magis

84 2200 313 2243 gelatinosas
351 2199 402 2242 (et
439 2198 578 2232 eximie
617 2196 820 2240 expansas)
858 2207 972 2239 quam
1010 2196 1050 2229 in
1089 2196 1161 2229 alia
1199 2195 1362 2238 quadam
1390 2195 1522 2238 Specie
1547 2193 1661 2227 hodie

85 2259 258 2298 memini3
298 2259 387 2291 hinc
427 2259 498 2291 sub
537 2257 792 2291 exsiccatione
826 2256 972 2289 frondis
1010 2255 1162 2288 easdem
1190 2255 1271 2288 fieri
1299 2254 1418 2296 magis
1446 2256 1659 2287 contractas

85 2329 200 2361 quare
238 2318 448 2361 specimina
485 2328 569 2359 quae
608 2316 686 2350 vidi
725 2326 795 2349 nec
833 2316 973 2349 chartae
1013 2314 1246 2348 adhaerentia
1278 2313 1395 2346 habui
1422 2332 1466 2336 —
1493 2313 1585 2345 dum
1620 2311 1661 2344 in

86 2377 150 2411 Gr.
177 2387 405 2420 compressa,
445 2376 600 2409 frondes
639 2375 838 2409 exsiccatae
871 2375 1011 2407 chartae
1048 2383 1149 2416 saepe
1177 2373 1414 2406 adhaerentes
1442 2371 1660 2405 obveniant.

86 2437 197 2478 Quod
235 2439 363 2470 autem
400 2435 545 2479 Speciei
578 2435 671 2468 alias
703 2434 910 2468 affinitates
937 2433 1096 2477 prodere
1122 2432 1217 2466 mihi
1245 2431 1420 2475 adparuit
1444 2431 1483 2464 id
1510 2441 1557 2464 ex
1583 2439 1661 2471 seg-

86 2496 226 2530 mentis
265 2495 537 2538 superioribus,
577 2504 678 2537 saepe
711 2493 901 2527 cuneatim
938 2492 1106 2526 dilatatis
1141 2494 1178 2525 et
1203 2502 1356 2525 sursum
1382 2488 1661 2534 polychotomis

87 2555 353 2589 deducendum
392 2554 535 2597 putavi,
575 2556 707 2596 utpote
744 2553 815 2586 1100
842 2553 954 2586 modo
982 2554 1210 2593 generantur
1235 2550 1360 2593 spatia
1386 2549 1493 2592 quasi
1521 2547 1662 2591 pedati—

88 2615 173 2653 fida,
210 2625 371 2657 quorum
404 2613 444 2646 in
478 2613 649 2656 partibus
676 2612 843 2645 dilatatis
871 2621 987 2654 supra
1012 2610 1190 2653 paginam
1218 2610 1371 2652 planam
1399 2606 1662 2651 provenientia

88 2674 166 2708 vidi
206 2673 443 2716 cystocarpia
481 2672 617 2714 valida,
654 2682 755 2705 nunc
792 2671 952 2712 singula,
980 2680 1082 2703 nunc
1109 2679 1230 2712 pauca
1255 2667 1530 2711 adproximata,
1557 2668 1595 2699 et
1620 2668 1663 2699 ut

90 2736 262 2775 putarem
303 2733 373 2765 hac
412 2731 664 2774 dispositione
703 2730 875 2773 Speciem
911 2730 1011 2762 113110
1038 2729 1084 2762 ad
1111 2728 1236 2762 Podea
1263 2727 1518 2770 pertinentem
1544 2724 1663 2759 vindi-

91 2792 226 2825 cantia.

233 2850 398 2884 Cellulas
438 2850 583 2883 medias
622 2849 768 2883 frondis
809 2848 885 2881 vidi
926 2846 1222 2890 platycystideas
1256 2848 1295 2878 at
1321 2844 1440 2887 magis
1468 2843 1662 2884 oblongas,
