1779 3068
693 73 1065 116 CALLOPHYLLIS.
1610 73 1661 116 21

98 204 186 229 vero
224 194 271 227 de
309 194 380 228 hac
417 193 549 236 Specie
587 193 703 226 Novae
742 192 956 227 Hollandiae
994 192 1064 226 rite
1095 192 1355 235 judicaverim,
1388 192 1546 226 eandem
1576 196 1667 235 puto

97 263 247 296 semper
289 252 525 296 cystocarpia
567 262 745 295 generare
782 252 883 285 infra
921 252 1047 294 apices
1086 254 1369 293 segmentorum
1410 251 1669 285 terminalium

96 312 256 355 singula,
296 322 370 354 quo
409 312 484 345 situ
519 311 842 355 cystocarpiorum
873 310 946 344 Cal.
974 310 1172 345 coccineam
1198 311 1314 344 Harv.
1342 321 1428 344 cum
1459 309 1533 344 Cal.
1561 309 1668 344 Lam-

96 370 187 405 berti
212 371 415 405 convenire
441 374 626 414 putarem.
678 370 743 404 Sin
770 381 859 404 vero
885 370 1096 404 accuratius
1124 372 1392 413 comparantur
1418 370 1549 403 formae
1574 370 1667 410 istae,

96 441 189 473 quas
215 430 263 464 ad
290 430 328 464 O.
356 430 570 464 coccineam
597 430 737 463 referre
763 429 1042 469 consuevimus,
1070 429 1250 472 adpareat
1275 429 1373 463 inter
1399 429 1569 462 diversas
1598 429 1668 462 for-

96 500 178 523 mas
216 489 332 532 hujus
371 489 516 532 Speciei
551 500 634 522 eam
665 499 748 522 esse
773 488 1029 522 differentiam
1055 490 1097 521 ut
1123 488 1214 521 dum
1241 488 1280 521 in
1307 487 1346 522 C.
1374 488 1550 522 coccinea
1574 488 1669 530 (pro-

96 548 188 591 pria,
225 549 296 582 sub
332 549 403 582 hoc
430 548 584 582 nomine
610 548 814 588 intellecta)
839 547 1076 590 cystocarpia
1102 550 1330 589 generantur
1356 547 1395 580 in
1421 546 1570 580 laciniis
1596 549 1666 580 ter-

96 607 301 641 minalibus
328 607 428 640 infra
454 607 600 650 apicem
627 607 777 648 singula
804 626 847 630 —
874 617 948 648 qua
980 609 1070 639 nota
1097 607 1194 640 hanc
1222 606 1394 649 Speciem
1421 606 1467 639 ad
1495 605 1534 640 O.
1563 606 1667 639 Lam-

94 666 192 700 berti
218 666 391 709 proxime
417 666 594 700 accedere
619 666 811 700 videretur
837 678 897 705 -;
938 665 1031 699 alias
1058 676 1146 700 vero
1174 665 1354 699 obvenire
1381 666 1523 698 formas
1551 665 1667 698 Novae

94 725 319 767 Hollandiae,
359 725 399 758 in
437 725 575 768 quibus
613 735 691 758 non
726 727 876 758 tantum
908 725 1082 758 rachides
1113 735 1303 758 ramorum
1332 724 1492 767 propriae
1519 723 1667 757 steriles

94 787 329 828 permanent,
357 784 424 818 sed
450 794 600 826 quoque
626 786 822 825 segmenta
847 783 1017 816 lateralia
1035 783 1187 825 propria
1205 786 1443 825 generantur,
1464 793 1547 825 quae
1565 793 1668 816 nunc

95 847 132 877 et
169 843 253 887 ipsa
290 844 375 886 plus
413 843 541 881 minus
580 842 841 885 decomposita
871 842 1066 884 adparent,
1100 842 1412 876 ramificationem
1440 842 1586 875 frondis
1614 842 1668 875 ita

95 903 215 945 magis
248 903 435 946 pinnatim
469 902 767 945 decompositam
794 901 920 934 frondi
947 901 1165 934 tribuentia.
1215 902 1260 934 In
1287 901 1346 934 his
1372 901 1494 944 (quasi
1523 900 1665 944 proprii

94 961 252 1003 ordinis)
283 961 411 1005 pinnis
443 964 533 995 sunt
558 971 636 995 non
661 963 810 994 tantum
838 963 1034 1002 segmenta
1060 960 1285 1001 terminalia,
1313 960 1353 993 in
1382 960 1520 1002 quibus
1547 963 1669 1003 cysto-

95 1021 220 1064 carpia
258 1021 484 1064 proveniant
521 1020 621 1054 infra
659 1020 804 1063 apicem
844 1019 1005 1062 singula,
1043 1019 1111 1053 sed
1143 1019 1217 1052 alia
1252 1030 1402 1061 quoque
1429 1019 1599 1061 generari
1626 1019 1667 1052 in

94 1080 300 1123 segmentis
339 1080 561 1123 penultimis
600 1082 637 1113 et
674 1089 823 1122 quoque
858 1079 1050 1113 interdum
1076 1079 1116 1111 in
1142 1078 1466 1121 antepenultimis,
1494 1078 1602 1120 quasi
1629 1078 1668 1111 in

94 1139 198 1174 disco
237 1139 362 1173 medio
395 1140 530 1173 horum
567 1139 757 1181 immersa,
785 1142 822 1172 et
848 1139 1003 1172 demum
1029 1148 1178 1180 quoque
1205 1138 1410 1171 admodum
1438 1137 1665 1180 prominula.

93 1199 363 1234 Praetermissis
407 1199 466 1232 his
508 1198 771 1242 dispositionis
814 1197 1095 1232 characteribus
1138 1197 1478 1240 cystocarpiorum,
1522 1197 1665 1230 formas

93 1259 220 1302 plures
247 1259 318 1292 sub
344 1259 499 1292 nomine
525 1257 602 1292 Cal.
630 1258 814 1292 coccineae
840 1257 1064 1300 conjunctas
1091 1256 1318 1297 habuerunt,
1350 1266 1443 1298 quas
1470 1256 1503 1289 si
1530 1256 1569 1289 in
1595 1256 1665 1289 for-

93 1318 166 1352 mis
204 1318 275 1351 rite
313 1318 475 1352 evolutis
514 1320 552 1351 et
586 1317 905 1361 cystocarpiiferis
939 1319 981 1350 ut
1007 1316 1158 1359 Species
1185 1315 1349 1350 invicem
1377 1315 1576 1349 distinctas
1604 1325 1664 1348 me

93 1377 221 1420 judice
253 1377 491 1411 considerare
524 1379 752 1420 opporteret,
804 1377 858 1409 De
884 1375 1044 1418 singulis
1071 1376 1131 1409 his
1158 1375 1292 1409 formis
1319 1375 1433 1408 hodie
1460 1384 1580 1417 pauca
1606 1374 1666 1407 ad-

95 1437 183 1470 dere
208 1436 362 1479 placuit.

98 1543 163 1584 19.
235 1542 344 1584 CAL.
379 1556 649 1584 LINGULATA
683 1542 727 1584 J.
762 1542 844 1596 Ay.
879 1556 999 1584 mser.
1021 1540 1072 1596 ²¹²).

238 1696 271 1740 ⁸³)
295 1698 400 1731 Inter
436 1697 587 1740 plantas
625 1696 846 1737 Tasmaniae‚
881 1696 976 1729 mihi
1007 1707 1029 1729 a
1054 1696 1096 1729 R.
1125 1695 1241 1729 Gunn
1267 1695 1386 1737 datas,
1414 1694 1461 1728 ab
1487 1694 1571 1737 ipso
1598 1694 1669 1728 col-

93 1758 221 1799 lectas,
260 1757 363 1791 haud
401 1767 522 1800 pauca
560 1756 765 1790 adfuerunt
808 1755 1019 1799 specimina
1064 1754 1210 1798 Speciei
1253 1754 1453 1797 cujusdam
1492 1753 1665 1797 propriae,

94 1827 207 1860 quam
245 1819 328 1851 tum
365 1816 500 1850 fronde
538 1827 607 1849 sua
644 1815 765 1858 magis
803 1815 937 1848 lineari
975 1817 1013 1848 et
1048 1814 1238 1858 pinnatim
1265 1813 1526 1857 decomposita
1552 1816 1666 1855 atque

93 1876 309 1911 substantia
334 1875 455 1918 magis
481 1874 725 1918 cartilaginea
751 1875 978 1918 adparenter
995 1874 1185 1909 diversam
1203 1873 1297 1913 vidi;
1327 1883 1548 1916 quam—vero
1566 1872 1666 1905 inter

92 1936 234 1970 formas
254 1945 484 1969 numerosas
511 1933 589 1969 Cal.
616 1934 801 1968 coccineae
828 1934 1049 1977 adscriptas,
1077 1944 1146 1967 nec
1183 1935 1334 1976 egomet
1368 1932 1667 1974 dignoscendam

93 1995 236 2039 putavi,
275 2005 506 2038 quamquam
546 1996 682 2037 praeter
719 1993 1013 2027 ramificationes
1040 1992 1240 2036 primarias
1268 1992 1387 2034 magis
1415 1991 1666 2033 dichotomas‚

92 2054 230 2098 pinnas
268 2054 451 2097 plurimas
490 2053 679 2097 pinnatim
717 2064 738 2086 a
776 2052 946 2096 margine
984 2055 1168 2086 exeuntes
1206 2051 1422 2085 fructiferas
1461 2050 1550 2091 vidi,
1588 2049 1667 2083 suis

94 2114 265 2157 apicibus
304 2113 595 2148 subdivaricatis
633 2116 670 2146 et
706 2112 922 2146 substantia
947 2112 1067 2154 magis
1095 2111 1338 2154 cartilaginea
1364 2110 1522 2150 frondis,
1550 2109 1668 2143 alium

93 2174 268 2208 habitum
293 2173 420 2207 frondi
446 2172 663 2206 tribuentia.
714 2173 813 2206 Dum
839 2172 939 2205 inter
970 2181 1193 2205 numerosas
1226 2171 1367 2203 formas
1398 2168 1472 2203 Cal.
1501 2167 1668 2203 coccineae

93 2234 174 2269 haec
212 2232 423 2276 specimina
460 2232 663 2273 latuerunt,
697 2242 767 2265 nec
802 2231 923 2273 magis
958 2230 1218 2264 habitualibus
1254 2228 1366 2271 notis,
1401 2228 1539 2270 quibus
1567 2237 1588 2260 a
1614 2229 1667 2270 ty-

94 2292 190 2336 picis
224 2291 301 2326 Cal.
329 2291 513 2325 coccineae
546 2291 680 2324 formis
712 2293 771 2324 sat
803 2300 935 2324 revera
960 2289 1111 2324 diversa
1136 2288 1354 2329 obveniant,
1382 2297 1451 2320 nec
1479 2286 1667 2320 characte-

94 2351 199 2385 ribus
225 2361 248 2384 a
272 2350 501 2384 formatione
533 2353 570 2383 et
605 2349 856 2393 dispositione
892 2348 1214 2392 cystocarpiorum
1248 2346 1422 2380 deductis
1449 2346 1527 2380 vim
1553 2355 1669 2388 quan—

94 2411 182 2445 dam
211 2409 411 2452 Algologos
438 2409 668 2450 attribuisse,
695 2408 845 2442 facilius
872 2419 1003 2442 revera
1028 2406 1319 2449 intelligendum
1345 2405 1489 2449 putavi.
1540 2404 1668 2438 Hodie

94 2480 195 2512 vero,
234 2468 422 2512 ejusmodi
462 2467 744 2502 characteribus
783 2478 892 2501 suam
930 2467 1098 2500 debitam
1131 2466 1207 2500 vim
1236 2464 1459 2499 attribuenti
1485 2464 1668 2507 adpareat

95 2529 143 2563 ad
168 2539 252 2563 oras
279 2527 490 2561 Tasmaniae
517 2527 689 2570 Speciem
715 2526 903 2570 ejusmodi
930 2529 1011 2559 tum
1038 2526 1181 2566 formae,
1209 2527 1246 2558 et
1263 2523 1549 2558 ramificationis
1569 2523 1667 2556 fron-

94 2588 153 2623 dis
179 2591 261 2622 tum
288 2587 402 2621 etiam
429 2586 680 2630 dispositione
706 2585 1027 2629 cystocarpiorum
1055 2585 1244 2619 diversam
1277 2583 1447 2627 Speciem
1475 2581 1669 2624 obvenire,

95 2658 209 2691 quam
247 2647 402 2681 nomine
440 2644 514 2680 Cal.
540 2644 728 2690 lingulatoe
758 2645 830 2679 hoc
856 2644 938 2678 loco
964 2654 1175 2688 proponere
1202 2654 1317 2677 ausus
1343 2653 1442 2677 sum.
1492 2641 1667 2675 Plantam

94 2707 194 2741 hanc
219 2717 289 2741 sua
314 2705 562 2740 consistentia
588 2704 733 2738 frondis
760 2704 839 2738 fere
865 2703 1119 2746 cartilaginea,
1147 2705 1227 2736 tota
1252 2702 1386 2736 fronde
1405 2701 1558 2745 planata
1576 2700 1668 2734 line-

95 2765 160 2807 ari,
187 2765 253 2800 vix
278 2765 418 2799 lineam
444 2764 531 2807 lata,
557 2763 747 2807 pinnatim
773 2762 1042 2806 decomposita,
1069 2762 1184 2796 ramis
1212 2760 1420 2811 majoribus
1446 2759 1667 2804 patentibus

95 2824 388 2868 subregulariter
425 2823 701 2858 alternantibus
740 2833 841 2856 nunc
879 2822 931 2856 ita
969 2820 1242 2865 adproximatis
1274 2823 1317 2854 ut
1352 2819 1556 2863 aliquando
1583 2818 1668 2853 sub-
