1779 3068
721 92 1046 135 GRACILARIAE.
1614 97 1666 136 91

103 209 303 252 carpiifero
342 209 432 242 olim
471 210 519 243 ab
559 210 816 252 Areschougio
856 211 948 243 mihi
988 211 1104 244 misso
1132 230 1175 235 --
1203 215 1241 245 at
1277 213 1472 246 evidenter
1497 214 1607 246 senili
1635 218 1673 248 et

102 267 411 311 cystocarpiifero
438 287 481 291 —
509 269 679 311 plantam
718 279 764 302 ex
803 270 981 303 Mauritio
1018 270 1239 313 juvenilem,
1279 282 1391 314 quam
1431 283 1500 306 suo
1539 274 1671 307 ordine

102 327 394 362 convenientem
436 328 568 370 putavi
611 338 696 361 cum
740 328 823 361 aliis
863 329 960 362 bene
999 330 1160 363 evolutis
1200 340 1247 363 ex
1287 331 1395 364 India
1433 332 1671 373 occidentali,

101 396 216 420 unam
243 386 478 428 eandemque
505 386 742 432 Speciemqin
769 387 827 420 his
855 388 1031 421 omnibus
1059 390 1400 431 recognoscendum
1428 392 1556 433 putavi
1585 395 1667 425 tum

101 455 171 479 sua
208 446 331 478 forma
368 445 525 486 frondis,
564 446 648 488 ipso
686 447 840 479 nomine
877 446 974 479 bene
1009 447 1142 480 merito
1170 448 1313 490 Speciei
1342 449 1517 489 indicata,
1545 461 1671 492 quam-

102 515 215 547 quam
242 505 404 538 formam
430 504 577 537 frondis
604 499 765 538 evolutas
792 508 829 538 et
855 506 1048 548 paulisper
1074 506 1254 548 longioris
1275 526 1317 530 —
1342 508 1381 540 in
1409 508 1539 541 intima
1566 513 1670 551 parte

104 566 316 606 cuneatam‚
355 563 443 597 dein
482 563 663 597 linearem
703 567 740 597 et
774 564 991 597 dichotome
1017 565 1191 605 divisam,
1218 566 1436 608 sensimque
1464 569 1584 609 magis
1612 569 1673 601 fla-

102 623 499 665 penato-fastigiatam,
539 623 711 666 apicibus
747 634 848 656 nunc
886 624 1004 665 magis
1039 625 1222 657 truncatis
1250 636 1351 658 nunc
1378 626 1584 659 attenuatis
1612 627 1672 660 ob-

102 682 211 723 tusis,
244 682 469 716 instructam
497 701 538 705 —-
567 682 606 715 in
642 682 916 725 speciminibus
945 683 1064 725 magis
1092 684 1253 716 evolutis
1280 684 1398 717 Indiae
1426 685 1674 718 occidentalis

104 752 165 775 me
203 742 427 775 observasse
465 742 640 775 dicerem.
694 742 829 775 Rarius
868 742 907 774 in
948 742 1017 775 hac
1056 742 1186 784 planta
1212 743 1365 776 demum
1393 744 1673 786 polychotsnno-

103 800 323 834 dichotoma
361 804 399 834 et
437 801 556 843 magis
595 801 889 834 Lichenoideam
928 801 1182 835 substantiam
1222 802 1405 835 offerente
1438 822 1479 825 —
1512 803 1673 845 juvenili

103 860 235 903 planta
273 860 392 903 magis
433 860 902 903 gelatinosocartilaginea
929 880 971 883 —-
1004 860 1192 902 margines
1232 861 1375 894 obsitos
1416 861 1492 895 vidi
1531 862 1672 904 sparsis

103 919 331 962 quibusdam
359 920 573 962 denticulis,
612 931 681 953 suo
708 920 840 953 ordine
866 920 913 953 de
940 920 1127 953 affinitate
1154 920 1294 962 plantae
1321 931 1406 954 cum
1434 920 1541 954 Grac.
1570 922 1676 954 corti-

103 981 188 1012 cata
214 979 455 1013 testantibus.
499 980 597 1013 Dum
626 990 715 1014 vero
742 980 780 1012 in
808 979 878 1012 hac
906 979 1037 1022 Specie
1064 982 1144 1012 tum
1172 982 1369 1019 segmenta
1393 982 1472 1012 tum
1492 980 1674 1013 denticuli

108 1038 336 1080 marginales
364 1038 402 1071 in
429 1038 598 1081 apiculos
618 1039 840 1081 plerumque
859 1039 1099 1072 acutissimos
1118 1049 1315 1072 excurrere
1334 1038 1520 1079 videntur,
1540 1039 1676 1081 ligulas

104 1096 145 1130 in
183 1096 246 1130 Gr.
273 1100 435 1131 cuneata
472 1101 651 1131 cuneatas
690 1101 728 1132 et
765 1099 843 1131 fere
882 1101 1074 1131 truncatas
1110 1098 1285 1131 dicerem.
1338 1097 1583 1140 Cystocarpia
1611 1098 1674 1132 Gr.

104 1159 275 1190 cuneatae
313 1157 352 1190 in
391 1157 598 1199 segmentis
637 1158 895 1201 superioribus
935 1168 1050 1200 supra
1089 1157 1246 1199 paginas
1282 1157 1400 1198 magis
1427 1168 1559 1199 sparsa
1586 1157 1672 1190 vidi.

105 1214 270 1250 Cellulas
309 1216 508 1250 interiores
547 1217 693 1250 frondis
732 1217 935 1250 rotundato
950 1217 1147 1258 angulatas
1187 1216 1275 1256 vidi,
1309 1216 1454 1249 intimis
1482 1216 1676 1259 paulisper

105 1275 227 1318 magis
254 1276 552 1319 platycystideis,
581 1287 650 1309 nec
681 1279 809 1309 tamen
836 1277 906 1309 rite
933 1275 972 1308 in
999 1275 1129 1308 eadem
1157 1275 1254 1308 serie
1281 1275 1556 1317 supe1·positas;
1585 1275 1674 1308 hinc

105 1335 319 1368 conformes
347 1346 432 1369 cum
460 1336 543 1368 aliis
570 1335 743 1378 plurimis
772 1335 1024 1369 Sub—Generis
1052 1335 1178 1368 Podei.

104 1446 152 1481 50
165 1458 196 1480 a.
247 1448 303 1481 De
341 1447 608 1481 GRACILARIA
648 1449 851 1481 Tnxromr
891 1446 1059 1490 (Suo-ing).
1097 1447 1175 1490 Aly.
1202 1446 1290 1489 Jap.
1313 1457 1398 1489 pay.
1425 1448 1473 1480 36
1505 1445 1586 1479 Tab.
1615 1447 1674 1479 23.

248 1505 287 1540 J.
316 1506 382 1550 Ay.
410 1505 538 1550 Epicr.
559 1518 599 1550 p.
628 1507 730 1550 126).

248 1596 471 1629 Meminisse
509 1597 633 1639 placet
670 1597 741 1630 sub
782 1597 851 1629 hoc
888 1596 1042 1629 nomine
1077 1595 1153 1638 jam
1184 1594 1274 1628 1870
1301 1594 1528 1636 descriptam
1556 1594 1676 1627 fuisse

108 1656 276 1699 plantam
303 1655 532 1698 japonicam,
559 1667 627 1689 sua
653 1656 776 1689 forma
808 1655 954 1689 frondis
982 1655 1100 1696 magis
1128 1654 1344 1687 dichotome
1371 1653 1492 1686 divisa
1519 1653 1675 1686 instruc-

106 1717 196 1757 tam,
235 1725 349 1758 quam
387 1716 485 1748 inter
524 1715 812 1758 Sphaerococcos
849 1714 1086 1748 enumeravit
1117 1714 1307 1755 Sui-ingar,
1335 1723 1448 1755 quam
1475 1722 1563 1746 vero
1591 1711 1674 1754 ipse

105 1775 205 1808 inter
231 1774 380 1817 plantas
407 1774 652 1816 inquirendas
680 1774 896 1808 Gracilariae
923 1773 1154 1806 enumeravi.
1205 1773 1314 1805 Hanc
1343 1772 1512 1814 Speciem
1542 1774 1678 1813 postea

107 1833 173 1867 vix
211 1836 459 1867 memoratam
499 1834 672 1874 memini,
712 1833 787 1866 nisi
826 1833 873 1866 ab
912 1833 1104 1866 Okamura
1142 1832 1240 1864 inter
1278 1831 1427 1873 plantas
1467 1830 1678 1863 exsiccatas

107 1892 330 1926 distributas
369 1893 563 1936 specimen
601 1893 718 1926 habui
754 1892 949 1933 eximium,
987 1895 1115 1924 tamen
1142 1901 1211 1923 sua
1237 1891 1358 1923 forma
1384 1889 1529 1922 frondis
1559 1888 1678 1921 multo

107 1951 251 1993 latiore,
290 1963 410 1994 usque
448 1952 507 1986 bis
546 1952 723 1995 pollicem
762 1952 848 1994 lata,
887 1951 1036 1984 inferne
1068 1953 1238 1990 cuneata,
1265 1959 1429 1991 superne
1455 1948 1494 1980 in
1522 1947 1678 1980 lacinias

109 2011 237 2054 plures
276 2011 396 2054 magis
435 2011 665 2045 lanceolatas
702 2011 972 2053 subpalmatim
1001 2020 1171 2052 expansa
1198 2012 1309 2050 atque
1336 2008 1374 2040 in
1402 2010 1506 2050 parte
1533 2017 1601 2039 sua
1628 2006 1678 2038 in-

108 2071 245 2104 feriore
287 2070 413 2113 ligulis
456 2071 715 2104 conformibus
758 2074 796 2103 at
839 2069 1048 2102 minoribus
1093 2068 1213 2110 magis
1256 2067 1442 2110 pinnatim
1483 2065 1678 2108 dispositis

109 2129 297 2163 laciniata.
348 2131 393 2163 In
420 2130 652 2171 collectione,
679 2140 793 2172 quam
821 2130 868 2162 ab
895 2129 1086 2163 Okamura
1112 2128 1239 2161 datam
1266 2127 1393 2165 habui,
1421 2126 1678 2165 fragmentum

110 2199 260 2232 quoque
286 2189 455 2222 adfuisse
481 2189 644 2222 dicerem
669 2190 808 2232 plantae
827 2187 1155 2232 cystocarpiiferae,
1176 2189 1217 2219 ut
1235 2185 1411 2227 adparuit
1430 2182 1679 2226 cystocarpiis

111 2248 253 2291 sparsis
293 2252 400 2282 extra
438 2248 595 2291 paginas
635 2248 860 2291 prominulis
899 2248 969 2280 rite
1008 2247 1250 2282 instructum;
1287 2243 1380 2276 mihi
1408 2253 1495 2275 vero
1524 2241 1678 2274 nucleos

111 2307 246 2341 horum
274 2308 469 2350 quaerenti,
497 2308 632 2350 aegrius
660 2308 831 2350 quaedam
864 2306 1056 2340 invenisse
1083 2307 1309 2337 structuram
1337 2303 1433 2335 bene
1459 2299 1678 2333 characteri-

113 2367 246 2400 sticam
290 2367 551 2401 monstrantia.
613 2367 814 2407 Nonnulla,
858 2376 941 2408 quae
984 2363 1194 2402 observavi,
1238 2361 1363 2404 potius
1406 2358 1679 2401 Rhodymeniae

111 2429 340 2460 structuram
367 2429 410 2460 ut
435 2427 567 2469 putavi
593 2427 816 2465 indicantia;
855 2425 1007 2459 deinum
1036 2433 1123 2456 vero
1151 2421 1244 2454 mihi
1271 2420 1474 2460 contigisse
1502 2418 1677 2450 nucleum

111 2485 315 2518 observare
352 2496 421 2518 sua
458 2489 648 2519 structura
685 2486 754 2518 rite
795 2482 1087 2518 Gracilarioidea
1114 2481 1339 2513 instructum
1368 2497 1409 2500 -
1439 2486 1575 2518 nempe
1604 2476 1677 2518 pla-

113 2546 263 2577 centam
303 2545 555 2587 prominulam
600 2544 941 2587 hemisphaei'icam,
981 2553 1002 2574 a
1041 2540 1179 2574 vertice
1218 2542 1255 2571 et
1292 2549 1314 2570 a
1353 2536 1532 2570 lateribus
1571 2534 1678 2576 ‹iluasi

114 2604 256 2647 cryptis
295 2605 544 2647 exsculptam,
573 2615 594 2638 a
625 2604 832 2647 parietibus
872 2606 995 2635 autem
1037 2602 1251 2641 cryptarum
1291 2595 1490 2628 fasciculos
1531 2594 1679 2626 filorum

113 2664 398 2698 articulatorum
432 2663 687 2704 emittentem;
720 2666 832 2704 atque
865 2671 910 2694 ex
943 2658 1110 2692 articulis
1138 2658 1271 2689 horum
1300 2655 1447 2687 filorum
1476 2654 1558 2695 ipsa
1584 2663 1680 2692 gem-

115 2723 232 2757 midia
256 2723 399 2756 sensim
425 2724 664 2756 formantem.
717 2721 915 2764 specimen
943 2719 1068 2759 itaque
1096 2716 1232 2758 plantae
1263 2714 1310 2747 ab
1343 2713 1534 2746 Okamuia
1560 2711 1680 2744 distri-

114 2785 251 2819 butum
289 2783 422 2816 sistere
460 2783 654 2826 specimen
697 2779 912 2814 Gracilariae
951 2776 1161 2818 legitimum
1202 2774 1264 2807 vix
1305 2772 1416 2805 hodie
1455 2771 1679 2809 dubitarem,

114 2844 216 2887 quod
254 2853 402 2886 quoque
440 2842 538 2875 inter
577 2840 821 2875 Gracilariam
861 2839 1070 2874 cuneatam,
1097 2833 1246 2875 qualem
1283 2833 1380 2864 lianc
1408 2830 1519 2863 hodie
1547 2828 1680 2862 intelli-
