1779 3068
120 81 175 122 32
740 79 1066 121 GRACILARIAE.

118 197 299 247 credidi,
334 196 469 238 talem
502 196 550 238 in
583 197 813 238 nonnullis
848 196 1089 252 Speciebus
1124 197 1421 254 Chylocladiae
1466 200 1527 255 (in
1560 200 1689 243 Amal.

118 269 214 321 Alf).
257 268 371 309 (font.
408 268 504 309 III.
532 283 578 321 p,
617 267 687 322 81)
729 272 772 309 et
810 268 871 309 ita
904 268 1089 309 omnino
1122 274 1443 324 congruentem
1478 271 1692 326 descripsi

118 342 180 386 ut,
231 353 302 380 me
349 338 513 394 judice,
559 352 640 380 nec
678 338 732 380 de
766 339 987 382 affinitate
1020 339 1277 395 plantarum
1311 340 1449 383 dubia
1480 340 1692 396 quaedam

117 409 230 450 mihi
278 413 445 451 restare
494 408 701 452 dicerem.
772 410 964 452 Revera·
995 410 1286 461 characteres,
1335 425 1391 453 ex
1438 411 1692 454 evolutione

118 480 206 521 sori
253 480 545 535 percipiendi,
595 480 658 522 ita
699 480 947 536 peculiares
979 481 1028 522 in
1061 481 1226 536 plantis
1259 495 1285 523 a
1319 496 1390 524 me
1423 482 1692 537 comparatis

117 549 272 592 adesse
305 550 565 606 adpareant,
601 556 650 592 ut
683 550 737 593 de
770 551 991 593 affinitate
1022 552 1229 607 proxima
1251 552 1412 594 harum
1436 553 1692 608 plantarum

113 620 194 663 vix
242 621 469 676 quispiam
518 621 753 664 dubitaret.
821 621 906 663 His
949 621 1116 677 positis,
1152 622 1261 664 alios
1295 637 1475 678 quoque
1507 629 1604 665 tum
1638 637 1694 666 ex

117 696 341 734 structura
373 692 515 747 ipsius
539 691 715 734 frondis
739 691 954 734 deductos
977 692 1268 743 characteres,
1294 698 1392 735 tum
1415 694 1694 750 cystocarpia

117 762 341 817 ejusmodi
375 762 429 805 de
462 763 680 805 affinitate
711 762 935 819 judicium
962 763 1257 818 comprobari,
1282 765 1510 807 monuisse
1533 766 1691 821 placet.

118 832 241 882 Quin
288 833 429 875 immo
477 847 596 876 nova
637 834 722 876 hac
761 833 916 889 Specie
950 833 1251 889 Chylocladiae
1285 834 1473 877 Generis
1507 835 1690 887 detecta,

114 904 357 947 affinitates
397 905 585 947 aliarum
635 905 895 961 Specierum
938 920 1119 961 quoque
1157 906 1439 962 comprobari
1471 912 1689 962 putarem.

260 975 467 1031 Denique
515 977 786 1032 comparatis
835 990 890 1018 ex
932 990 1024 1018 una
1063 981 1189 1032 parte
1222 977 1528 1019 habitualibus
1560 978 1692 1029 notis,

116 1047 281 1102 quibus
330 1047 448 1090 hanc
496 1049 699 1103 Speciem
747 1062 868 1090 nunc
901 1048 1158 1090 habuerunt
1189 1048 1536 1099 Lomentariam,
1570 1060 1723 1092 nunc·

116 1117 272 1160 forsan
322 1119 546 1175 quispiam
597 1119 835 1162 Catenellis
876 1119 1297 1174 adproximandam,
1338 1134 1567 1176 quamque
1601 1121 1692 1163 suis

115 1188 423 1232 habitualibus
471 1191 589 1232 notis
638 1190 860 1245 quasdam
902 1190 1146 1245 Champias
1184 1191 1347 1233 referre
1380 1191 1557 1233 facilius
1591 1191 1692 1247 quis

115 1260 298 1312 dixerit;
349 1261 540 1303 eandem
588 1275 694 1303 vero
743 1261 835 1303 suis
878 1261 1211 1304 characteribus
1250 1267 1346 1303 tum
1382 1277 1437 1304 ex
1469 1266 1693 1305 structura

116 1330 291 1373 frondis
340 1331 556 1382 deductis,
601 1335 697 1373 tum
737 1332 1090 1387 congruentibus
1125 1332 1287 1374 eximie
1320 1333 1564 1375 fructiferis
1596 1347 1692 1389 par-

114 1402 248 1453 tibus,
297 1417 409 1457 quas
453 1403 500 1444 in
543 1403 733 1446 Analect.
769 1404 864 1445 III.
893 1418 938 1457 p.
974 1405 1039 1445 22
1078 1402 1305 1458 descripsi,
1339 1408 1435 1445 tum
1471 1408 1690 1447 structura

115 1488 298 1529 quoque
331 1482 374 1516 et
406 1475 696 1517 consistentia
728 1474 903 1516 frondis
937 1479 1224 1529 congruente,
1253 1475 1370 1517 hanc
1403 1476 1555 1517 sistere
1589 1475 1692 1530 Spe-

115 1545 230 1587 ciem
280 1545 485 1599 ejusdem
534 1546 642 1601 typi,
694 1559 828 1600 quem
875 1544 901 1587 l.
937 1559 971 1587 0.
1007 1559 1257 1601 proponere
1290 1560 1426 1588 ausus
1459 1560 1572 1597 sum,
1608 1545 1691 1588 sub

115 1617 299 1658 nomine
332 1617 629 1671 Endodictyon
661 1617 906 1660 sectionem
947 1616 1134 1659 Generis
1168 1617 1466 1672 Chylocladiae
1500 1618 1692 1660 forman-

115 1690 220 1737 tem,
254 1687 301 1729 id
334 1688 469 1730 nullis
503 1688 652 1731 dubiis
685 1703 856 1740 vacare,
891 1689 1096 1731 lubenter
1129 1688 1262 1731 hodie
1295 1703 1583 1731 assumerem.

258 1759 425 1801 Praeter
459 1760 662 1815 Speciem
696 1760 977 1815 Japonicam,
1012 1760 1121 1802 alias
1154 1759 1180 1801 l.
1206 1773 1240 1801 0.
1272 1765 1555 1802 enumeratas
1589 1760 1690 1815 Spe-

107 1830 204 1872 cies
239 1829 505 1872 Sub-Genus
546 1830 865 1887 Endodictyon
897 1831 1232 1879 constituentes,
1269 1831 1421 1873 sistere
1455 1830 1632 1887 Species
1665 1845 1692 1873 a

105 1900 334 1956 -Japonica
368 1901 566 1944 diversas
599 1917 682 1944 nec
716 1902 1015 1945 dubitandam
1048 1902 1161 1944 mihi
1189 1902 1464 1958 adparuisse,
1489 1902 1690 1945 hocloco

108 1972 346 2014 1110111110εο
380 1972 535 2027 placet.
1153 1977 1156 1979 ’

116 2343 203 2395 VI.
266 2343 346 2395 De
376 2343 681 2412 Speciebus
710 2344 1063 2397 GRACILARIAE
1090 2346 1495 2398 commentaria
1524 2364 1686 2409 nova,

116 2426 548 2501 dispositionem
603 2433 925 2502 Specierum
980 2439 1197 2486 naturae
1249 2440 1687 2487 consentaneam

530 2527 533 2530 ’
743 2523 1064 2591 spectantia.

260 2682 382 2723 Inter
413 2681 654 2738 Algologos
687 2682 794 2725 satis
827 2688 1029 2725 constare
1062 2687 1270 2739 putarem
1313 2683 1603 2726 Gracilariam
1636 2683 1688 2727 si-

109 2758 230 2794 stere
265 2752 419 2794 Genus
452 2753 742 2795 multitudine
775 2757 818 2796 et
849 2754 1064 2797 varietate
1095 2755 1347 2797 formarum
1382 2759 1450 2797 sat
1470 2754 1685 2810 amplum,

108 2822 246 2876 cujus
281 2837 385 2865 vero
418 2837 672 2866 numerosae
707 2825 880 2875 formae,
921 2839 1200 2881 quamquam
1233 2824 1538 2868 habitualibus
1571 2824 1687 2868 notis
