1779 3068
764 71 1088 114 GRAcmAmAE.
1653 77 1705 118 87

146 188 216 228 46.
288 186 371 228 GR.
407 202 759 230 BIFLABELLATA
794 190 838 232 J.
878 191 954 244 Ay.
989 204 1107 232 mser.
1129 190 1180 244 ³⁶).

492 306 610 358 ††††
642 305 1086 349 RHODYMENIOEDEAE
1124 309 1285 362 fronde
1324 310 1635 364 platycystz‘dea
1672 317 1709 354 et

642 377 719 418 rite
763 378 1030 429 complanata
1068 380 1167 431 plus
1210 380 1350 422 minus
1382 382 1598 433 conspicue
1620 385 1707 436 ⁸fla-

640 448 824 489 bellatim
862 462 1066 500 eoepansa,
1106 451 1325 503 segmentis
1355 465 1436 502 pro
1469 452 1709 495 diversitate

641 518 883 570 Specierum
918 533 1030 560 nune
1062 519 1295 561 linearibus
1326 525 1363 562 et
1394 523 1709 575 anyustioribus

631 589 733 641 plus
779 589 920 630 minus
966 590 1222 631 distantibus
1270 593 1526 643 adparenter
1573 594 1707 635 dicho-

640 659 774 709 tomis,
823 674 935 701 nunc
982 661 1117 713 mayis
1163 662 1474 714 adpromimatz's
1509 667 1546 704 et
1578 664 1707 716 adpa-

637 734 776 771 renter
815 731 952 783 inayis
986 731 1214 783 palmatim
1258 732 1484 786 dispositis,
1522 748 1630 786 ssepe
1662 736 1709 777 in

637 801 854 843 nonnullis
899 802 1073 854 insuper
1112 803 1495 858 prolifteationibus
1537 818 1563 846 α
1599 820 1707 847 mar-

636 872 734 926 yine
771 873 951 926 frondis
997 873 1061 915 ita
1108 874 1256 915 divisoe
1301 875 1544 917 eoeenntibus
1580 877 1707 917 raini-

625 943 871 999 ficationem
917 945 1021 997 quin
1068 944 1192 986 immo
1234 945 1468 997 pinnatam
1514 947 1706 989 mentien-

141 1105 250 1129 suam
290 1098 435 1139 partem
474 1096 513 1129 in
545 1097 738 1131 flabellum
765 1098 1083 1132 semicircularem
1109 1099 1342 1132 ramulorum
1369 1100 1619 1133 conformium
1648 1101 1706 1134 ab-

140 1155 336 1189 euntibus:
375 1158 581 1199 segmentis
621 1158 754 1191 horum
795 1168 910 1201 supra
941 1169 1049 1191 suam
1082 1158 1212 1191 basem
1239 1158 1278 1191 in
1305 1158 1593 1200 dispositionem
1621 1171 1703 1193 con-

139 1214 301 1248 formem
339 1226 494 1250 suorum
533 1217 774 1250 ramellorum
813 1217 1074 1251 tendentibus:
1115 1217 1167 1250 ita
1204 1217 1244 1250 in
1280 1217 1487 1260 specimine
1514 1219 1704 1252 exsiccato

139 1274 340 1317 corymbos
377 1285 614 1318 compressos
653 1276 865 1318 fastigiatos
906 1277 1168 1317 referentibus,
1207 1277 1414 1319 segmentis
1449 1277 1528 1310 suis
1560 1278 1703 1311 ultimis

140 1343 274 1375 parum
312 1344 443 1367 revera
481 1335 717 1376 acuminatis,
756 1336 840 1368 aliis
870 1336 1049 1369 nimirum
1077 1336 1212 1369 horum
1239 1336 1286 1369 ad
1312 1336 1538 1369 divisionem
1567 1347 1705 1370 novam

141 1392 283 1435 pronis.
327 1393 501 1426 Plantam
528 1405 596 1428 suo
624 1395 756 1428 habitu
784 1397 843 1428 sat
868 1395 1087 1428 distinctam
1113 1398 1262 1428 tantum
1288 1395 1454 1428 sterilem
1474 1406 1534 1429 me
1553 1396 1704 1436 vidisse,

139 1451 335 1485 monuisse
361 1452 495 1495 placet.

282 1511 516 1545 Structuram
554 1512 772 1546 interiorem
805 1513 905 1555 quod
940 1514 1086 1555 attinet,
1115 1524 1175 1547 me
1201 1513 1343 1547 vidisse
1369 1514 1523 1546 cellulas
1550 1514 1704 1547 intimas

138 1579 222 1603 esse
249 1570 555 1613 platycystideas,
582 1571 706 1605 dicere
733 1573 920 1614 auderem,
949 1576 1075 1606 utrum
1103 1576 1229 1606 autem
1257 1573 1408 1606 easdem
1435 1583 1517 1605 eam
1544 1573 1703 1606 formam

139 1633 378 1663 asservantes
404 1629 579 1672 dicerem,
607 1641 655 1664 an
681 1631 773 1664 alias
802 1631 1028 1665 obvenirent
1060 1632 1397 1675 plecto-cystideas,
1425 1642 1471 1665 ex
1498 1632 1704 1673 segmentis

137 1687 249 1721 factis
277 1688 417 1731 plantae
442 1689 604 1731 junioris
631 1690 733 1723 haud
760 1691 932 1724 decidere
959 1691 1148 1724 auderem.

282 1748 483 1782 Evolventi
517 1749 611 1782 mihi
642 1748 700 1783 Fi.
731 1748 880 1784 Guadel.
905 1763 941 1793 p.
968 1751 1046 1784 222
1081 1750 1128 1783 ad
1155 1750 1253 1783 hanc
1281 1749 1450 1792 Speciem
1479 1749 1705 1783 Grouaniam

138 1806 296 1840 relatam
336 1807 446 1842 video
480 1808 650 1851 Speciem
684 1809 979 1851 Kutzingianam
1006 1809 1078 1842 sub
1105 1809 1235 1842 eodem
1265 1809 1418 1841 nomine
1445 1809 1620 1851 specifico
1647 1809 1705 1842 de-

137 1865 329 1908 scriptam,
369 1877 482 1909 quam
510 1877 598 1900 vero
626 1868 844 1911 Synonymo
872 1879 977 1911 aeque
1003 1868 1118 1902 dubio
1144 1868 1342 1901 fundatam
1370 1868 1493 1901 dicere
1520 1871 1704 1910 opportet.

137 1925 305 1967 Kutzing
342 1925 522 1959 nimirum
561 1927 608 1960 ad
644 1938 752 1960 suam
787 1928 958 1970 Speciem
986 1928 1101 1961 refert
1129 1928 1309 1970 plantam,
1337 1927 1408 1960 sub
1434 1927 1587 1960 nomine
1616 1926 1702 1960 Fuci

136 1983 294 2018 solitarii
333 1985 525 2027 quondam
562 1986 803 2029 descriptam,
843 1998 957 2029 quain
997 1998 1085 2021 vero
1124 1987 1171 2020 ad
1210 1987 1299 2030 Sph.
1328 1986 1617 2020 Confervoidem
1646 1986 1705 2019 ad-

136 2043 427 2086 proximandam
454 2055 538 2078 esse
563 2045 698 2079 fronde
725 2046 849 2089 pedali
875 2047 1100 2080 instructam
1137 2047 1265 2080 docuit
1295 2045 1330 2080 Ο.
1358 2045 1504 2090 Ayardh
1534 2044 1595 2088 Sp.
1624 2044 1703 2088 Aly.

131 2112 171 2145 p.
203 2102 284 2136 335.

279 2160 313 2204 ⁸)
338 2162 538 2205 Specimen
575 2164 710 2205 fertile,
750 2165 860 2207 quale
895 2175 965 2198 sua
1000 2153 1215 2198 substantia
1241 2164 1403 2197 dicerem
1431 2163 1549 2205 magis
1577 2163 1702 2196 Liche-

135 2219 327 2262 noideum,
364 2221 618 2256 albescentem
652 2226 689 2256 et
722 2224 841 2266 magis
869 2224 1164 2265 cartilagineum,
1193 2226 1231 2256 at
1258 2223 1417 2256 flabellis
1445 2221 1702 2255 conformibus

136 2281 174 2312 et
199 2279 447 2314 consimiliter
472 2281 668 2325 dispositis
695 2283 934 2324 instructum,
962 2287 1000 2316 at
1026 2283 1065 2316 in
1091 2294 1165 2325 quo
1192 2282 1341 2324 stipites
1370 2282 1444 2315 vidi
1472 2281 1552 2313 basi
1583 2279 1701 2321 magis

135 2338 412 2380 teretiusculos,
439 2340 528 2374 dein
554 2341 593 2374 in
619 2341 812 2375 rachidem
840 2352 886 2375 ex
914 2342 1022 2375 tereti
1050 2341 1327 2384 complanatam
1356 2340 1544 2373 cuneatim
1566 2349 1702 2381 expan-

135 2406 210 2437 sos,
237 2397 346 2440 cujus
373 2408 395 2431 a
420 2398 577 2432 dilatata
609 2403 714 2443 parte
740 2401 934 2443 superiore
960 2400 1109 2433 flabella
1136 2399 1364 2432 ramulorum
1392 2398 1604 2431 tenuiorum
1633 2407 1701 2430 suo

135 2456 268 2489 ordine
293 2457 556 2498 provenientia
582 2458 671 2492 vidi.
722 2459 913 2492 Ramellos
940 2459 1011 2492 hoc
1038 2459 1149 2491 modo
1177 2460 1384 2499 generatos,
1412 2457 1450 2488 in
1478 2456 1608 2488 infima
1633 2466 1702 2488 sua

135 2518 242 2557 parte
279 2516 555 2558 temtiusculos,
593 2518 634 2551 in
672 2519 785 2561 paulo
824 2519 1017 2561 superiore
1056 2521 1236 2551 cuneatus
1276 2519 1313 2549 et
1346 2526 1593 2557 cmnpressoa
1620 2514 1700 2547 suis

135 2574 306 2617 apicibus
345 2575 483 2609 iterum
522 2576 562 2609 in
600 2578 761 2610 formam
800 2578 1083 2611 teretiusculam
1124 2575 1379 2615 tendentibus,
1419 2574 1590 2616 apicibus
1621 2573 1700 2606 suis

136 2633 362 2667 acuminatis
389 2637 428 2668 at
453 2635 638 2670 innocuis.
689 2637 735 2669 In
761 2637 865 2669 disco
892 2636 1082 2670 cuneatim
1111 2645 1280 2677 expanso
1308 2634 1440 2666 horum
1469 2633 1700 2665 ramulorum

135 2693 372 2735 cystocarpia
409 2693 487 2728 vidi
525 2705 627 2729 nunc
667 2696 783 2738 plura,
824 2705 924 2728 nunc
964 2694 1151 2737 pauciora.
1191 2704 1305 2735 supra
1337 2692 1494 2734 paginas
1529 2691 1700 2733 planatae

135 2751 408 2794 provenientia.
460 2753 633 2787 Sectione
660 2754 760 2787 facta
785 2753 1027 2787 transversali
1057 2752 1210 2785 cellulas
1239 2751 1434 2784 interiores
1459 2749 1603 2783 frondis
1624 2749 1699 2783 vidi

135 2812 195 2843 sat
230 2820 386 2852 magnas
421 2812 848 2859 angulato-rotundatas.
901 2811 1145 2854 Cystocarpia
1182 2814 1272 2853 puto
1299 2819 1447 2852 quoque
1475 2808 1699 2842 Gracilariae.
