1779 3068
734 58 1060 100 GRAOILARIAE.
1515 108 1525 119 ο
1623 59 1680 99 49

261 178 411 232 Ipsam
444 178 638 219 formam
671 175 841 223 frondis
874 175 1064 217 evolutae
1097 175 1143 217 in
1182 175 1436 217 Gracilariis
1469 175 1680 218 obvenire

118 262 248 304 posse
287 247 530 289 admodum
579 247 814 296 diversam,
849 248 941 301 J'am
976 250 1078 288 ante
1112 260 1253 288 annos
1286 260 1512 288 assumere
1544 259 1681 288 ausus

118 333 231 368 sum,
280 332 392 373 quas
439 317 496 360 ad
544 318 769 359 Sectiones
809 317 885 367 VI,
936 318 1026 359 suis
1075 317 1265 372 propriis
1313 316 1572 359 nominibus
1620 317 1682 358 in-

118 393 320 438 structas,
365 388 542 444 Species
585 389 640 429 3⁶2
683 402 733 429 eo
769 392 968 442 tempore
1001 388 1201 442 cognitas
1234 387 1374 430 retuli.
1441 388 1511 429 Me
1549 387 1681 430 hodie

118 459 295 516 Species
343 459 529 501 Generis
577 462 671 500 tum
722 458 862 499 multo
911 459 1252 509 numerosiores,
1299 463 1393 500 tum
1428 459 1514 500 alio
1548 459 1681 501 modo

116 531 442 585 interpretatas,
496 528 623 570 aliter
676 542 855 583 quoque
909 528 1212 583 disponendas
1260 543 1367 578 esse,
1417 530 1682 572 assumsisse

117 601 291 643 facilius
324 599 583 654 explicatur.
649 598 769 640 Inter
808 598 1034 640 Sectiones
1068 614 1170 641 vero
1205 600 1390 642 Generis
1423 614 1573 650 unam,
1609 615 1680 642 no-

118 673 238 714 mine
271 671 407 713 Podei
439 674 676 725 receptam,
713 683 763 711 eo
796 672 996 724 tempore
1030 670 1380 725 dignoscendam
1406 671 1561 726 putavi
1586 675 1682 713 tum

116 744 264 785 forma
297 741 469 784 frondis
501 741 583 782 rite
616 740 763 796 plana,
799 741 1075 795 cystocarpia
1109 755 1289 796 quoque
1322 742 1368 783 in
1402 742 1484 783 hac
1518 742 1682 797 pagina

117 813 405 856 obvenientia
448 816 702 867 generante,
752 811 859 852 dum
894 812 1170 866 cystocarpia
1202 812 1249 853 in
1282 813 1378 853 aliis
1412 813 1681 854 sectionibus

118 884 265 940 quoad
316 884 452 926 situm
499 883 594 925 fere
639 896 1005 937 quoquoversum
1046 887 1247 936 porrecta
1279 883 1355 925 vix
1388 897 1467 925 sua
1501 883 1683 938 disposi-

116 957 236 998 tione
284 956 437 997 sistere
480 954 757 996 characteres
791 952 1024 1008 quosdam,
1060 953 1128 994 his
1163 954 1377 1008 proprios,
1414 961 1682 996 memoratos

117 1026 315 1069 memini.
381 1026 539 1067 Postea
586 1037 667 1066 nec
715 1024 850 1066 aliam
900 1023 1239 1078 dispositionem
1284 1024 1541 1078 Specierum
1574 1025 1683 1066 indi·

108 1102 259 1140 catam
310 1096 509 1146 memini,
565 1095 649 1137 nisi
698 1095 820 1137 illam
869 1109 895 1136 a
943 1094 1174 1136 Fratribus
1228 1095 1404 1136 Crouan
1452 1095 1499 1136 in
1547 1097 1684 1138 Flora

121 1168 463 1221 Guadeloupensz'
493 1167 759 1217 institutam,
785 1166 830 1207 in
861 1179 950 1220 qua
974 1165 1152 1220 Species
1175 1165 1231 1206 ad
1256 1165 1509 1208 Gracilariae
1533 1166 1684 1208 Genus

115 1240 276 1282 relatas
323 1240 379 1280 48
428 1242 748 1287 memorantur,
798 1237 895 1279 aliis
944 1251 1048 1278 vero
1099 1236 1341 1292 Speciebus
1385 1238 1437 1278 21
1473 1236 1530 1278 ad
1550 1237 1684 1278 ‘aliud

117 1311 283 1359 Genus,
333 1310 516 1351 nomine
564 1309 775 1351 Ploearz'oe
822 1309 972 1361 (Nees)
1022 1308 1278 1350 institutum
1317 1307 1682 1356 adnumerantur,

116 1381 250 1423 nullis
299 1386 450 1422 tamen
490 1380 617 1430 datis,
665 1394 746 1421 nec
781 1379 1054 1434 Specierum,
1090 1393 1170 1421 nec
1206 1378 1431 1420 Generum
1467 1379 1686 1421 characte-

115 1453 250 1495 ribus.
317 1452 438 1493 Inter
485 1451 654 1493 formas
702 1451 763 1492 ita
811 1450 1054 1499 distinctas,
1104 1454 1149 1491 at
1191 1449 1326 1491 nullis
1360 1450 1543 1491 omnino
1577 1450 1685 1491 indi-

115 1524 224 1566 catis
273 1522 617 1572 characteribus,
668 1522 833 1577 quibus
882 1521 1253 1576 dignoscerentur
1303 1521 1494 1576 Species,
1540 1521 1685 1563 varias

115 1594 327 1637 obvenire
374 1607 504 1648 posse
547 1593 724 1648 Species
762 1592 895 1634 hodie
928 1592 1039 1633 mihi
1072 1592 1248 1647 ignotas
1282 1606 1373 1633 non
1406 1592 1441 1634 is
1475 1606 1573 1634 sum
1609 1593 1686 1648 qui

114 1679 340 1720 negarem.
406 1664 528 1713 Quin
575 1663 715 1705 immo
759 1664 874 1705 inter
917 1663 1166 1718 specimina
1200 1677 1453 1713 numerosa,
1488 1662 1599 1704 mihi
1631 1663 1686 1705 ab

116 1736 386 1778 Auctoribus
420 1737 565 1778 Florce
603 1735 970 1788 Guaddoupensz's
999 1734 1420 1776 benevolentissime
1443 1735 1686 1776 communi-

116 1812 225 1851 cata,
260 1807 479 1849 nonnulla
512 1807 666 1848 sistere
698 1807 865 1847 formas
899 1805 1011 1847 mihi
1043 1819 1196 1855 novas,
1233 1819 1345 1861 quas
1374 1805 1506 1847 hodie
1530 1805 1686 1847 descri-

118 1990 155 2020 et
193 1986 281 2020 dein
319 1986 390 2020 sub
428 1996 490 2019 nto
519 1985 585 2020 187
614 1985 746 2019 et188
785 1985 977 2028 Algologis
1017 1985 1242 2028 quibusdam
1285 1984 1536 2025 distributam,
1574 1994 1685 2026 quani

117 2045 292 2088 primitus
328 2045 400 2078 sub
426 2045 581 2078 nomine
610 2043 816 2089 ὤραν-ήκω
842 2044 974 2078 obtusae
1000 2055 1022 2077 a
1049 2044 1215 2078 Greville
1249 2043 1531 2077 denominatam
1558 2043 1685 2076 habui.

118 2104 214 2138 Mihi
253 2105 352 2138 hanc
390 2104 512 2147 prima
546 2104 629 2139 vice
664 2104 892 2138 memoranti
919 2104 1079 2138 eandem
1108 2103 1329 2146 adparuisse
1355 2103 1488 2135 sistere
1516 2102 1685 2144 Speciem

118 2163 334 2198 Gracilariae
373 2163 545 2207 apicibus
584 2164 663 2197 suis
704 2163 850 2198 obtusis
887 2174 1078 2197 ramorum
1106 2165 1143 2196 et
1170 2162 1384 2196 substantia
1410 2172 1479 2195 sua
1505 2171 1639 2194 cornea
1666 2171 1685 2194 a

117 2222 324 2257 Gracilaria
350 2223 444 2256 dura
469 2222 658 2257 diversam
687 2222 768 2266 (Sp.
797 2222 923 2267 Alyar.
951 2222 1006 2256 Π.
1020 2233 1059 2266 p.
1079 2223 1183 2266 590).
1235 2222 1371 2254 Postea
1397 2221 1554 2254 eandem
1583 2220 1686 2254 vario

121 2282 244 2323 modo,
271 2282 455 2315 suadente
481 2282 626 2324 habitu,
655 2283 941 2326 interpretatam
970 2283 1099 2316 forsan
1127 2291 1341 2324 supponere
1367 2280 1492 2318 liceat;
1533 2279 1685 2312 demum

117 2341 328 2375 accuratius
355 2351 376 2374 a
402 2352 462 2375 me
489 2342 757 2384 examinatam,
792 2343 890 2375 hanc
923 2341 1057 2375 sistere
1090 2340 1315 2383 conjicerem
1343 2339 1598 2372 caulescentes
1625 2338 1685 2371 sti-

117 2402 216 2444 pites
243 2400 382 2443 plantae
408 2400 609 2444 cujusdam
636 2401 747 2444 longe
773 2401 945 2443 diversae,
980 2400 1088 2443 cujus
1117 2402 1241 2442 partes
1268 2398 1480 2441 superiores
1507 2397 1684 2439 dejectas

119 2462 160 2493 ut
197 2470 243 2493 ex
282 2460 506 2502 fragmentis
545 2463 582 2494 et
620 2460 861 2503 paucissimis
895 2463 933 2493 et
966 2469 1063 2501 aegre
1097 2457 1344 2492 observandis
1372 2456 1434 2490 vix
1462 2455 1685 2498 conspicuas

118 2519 292 2562 detegere
319 2519 413 2552 mihi
440 2519 593 2553 demum
622 2519 735 2554 hodie
761 2519 966 2562 contigisse
994 2521 1101 2561 puto;
1131 2528 1175 2550 ex
1197 2516 1334 2558 quibus
1354 2516 1480 2548 forsan
1500 2515 1686 2557 conjicere

117 2577 247 2611 liceret
284 2578 383 2612 hanc
421 2578 583 2612 formam
622 2579 757 2612 sistere
795 2578 945 2621 stipites
987 2576 1169 2619 Spyridiae
1208 2574 1405 2617 cujusdam
1445 2573 1590 2614 validm,
1622 2577 1684 2607 aut

119 2636 264 2680 Speciei
304 2637 503 2680 eujusdam
542 2637 753 2672 consimilis
793 2636 1072 2680 quodammodo
1113 2637 1257 2677 partem
1297 2633 1441 2667 frondis
1469 2632 1683 2666 inferiorem

119 2696 345 2738 generantis.
397 2697 506 2730 Hanc
532 2696 647 2739 igitur
672 2697 842 2740 plantam
870 2707 938 2729 suo
966 2695 1078 2728 modo
1104 2694 1374 2735 demonstrare,
1393 2702 1504 2734 quam
1532 2691 1685 2724 fallaces

119 2755 358 2798 conjecturas
384 2755 431 2789 de
457 2756 645 2790 affinitate
671 2756 808 2789 ducere
834 2754 982 2788 licuerit
1007 2764 1053 2787 ex
1082 2752 1213 2786 habitu
1241 2755 1278 2785 et
1305 2751 1585 2785 characteribus
1604 2760 1686 2783 con-

123 2813 314 2848 similibus
342 2814 534 2848 deductas.

1524 2880 1545 2913 4
