1779 3068
750 78 1058 119 DAsYPHLEAE.
1601 80 1682 119 113

118 203 167 237 at
214 195 396 236 densius
444 194 824 250 provenientibus,
875 199 1009 248 atque
1057 191 1260 249 apicibus
1301 194 1392 235 suis
1427 195 1568 249 magis
1601 195 1682 236 cla—

121 266 236 308 vatis
284 265 426 319 (clava
473 269 624 306 tamen
672 264 874 306 obtusius
920 264 1157 320 apiculata)
1190 264 1413 306 diversam
1447 265 1682 307 observare

117 336 301 385 credidi,
336 349 472 390 quam
507 336 660 377 sistere
692 335 848 390 putavi
880 336 1077 389 plantam
1104 335 1546 390 sphaerosporiferam
1570 336 1683 389 ejus-

120 407 224 448 dem
258 407 434 461 plantae,
468 406 598 461 cujus
631 405 908 459 cystocarpia
941 419 1045 446 mox
1068 419 1203 459 supra
1226 405 1472 447 describere
1496 411 1681 447 conatus

118 491 234 519 sum.
300 476 539 531 Segmento
588 475 803 516 nimirum
848 475 1133 516 transversali
1177 476 1294 517 facto
1328 476 1515 517 eandem
1549 481 1683 517 struc-

120 553 269 590 turam
318 546 491 588 frondis
539 546 773 595 interioris.
816 545 1041 587 fasciculis
1084 545 1259 587 filorum
1299 545 1683 601 longitudinaliter

117 617 454 661 excurrentium
497 616 784 658 constitutam
826 615 938 665 vidi;
989 620 1177 657 stratum
1222 630 1325 657 vero
1359 618 1553 658 exterius
1585 631 1683 658 con-

118 694 293 732 textum
340 687 618 743 amplissimo
665 686 884 741 adparatu
932 685 1109 727 filorum
1157 686 1449 735 verticalium,
1499 688 1682 729 circum-

119 761 237 803 circa
278 758 593 807 conformium,
638 771 831 812 quorum
875 757 1045 798 articuli
1081 757 1227 798 intimi
1262 757 1397 798 validi
1431 758 1684 799 rotundato-

119 830 314 886 oblongi,
350 836 600 871 extrorsum
635 832 905 883 superantur
936 828 1133 869 articulis
1179 828 1318 882 magis
1352 828 1432 869 rite
1466 827 1681 882 oblongis,

118 906 165 944 et
206 901 274 942 his
317 900 511 955 denique
550 899 678 954 quasi
711 898 924 943 caudatis,
960 912 1122 953 nempe
1156 898 1352 939 articulis
1385 899 1476 939 suis
1509 899 1685 939 inferio-

121 972 245 1014 ribus
293 971 599 1027 cylindraceis‚
648 970 815 1012 sensim
857 969 905 1010 in
944 969 1133 1011 extimos
1166 969 1259 1010 fere
1292 968 1683 1010 subulam-attenu-

119 1047 217 1085 atos
251 1041 610 1090 excurrentibus;
652 1039 943 1082 intermedias
976 1045 1124 1095 partes
1158 1039 1316 1080 horum
1351 1039 1526 1080 filorum
1559 1039 1686 1080 verti-

118 1113 286 1156 calium
334 1113 668 1167 sphaerosporas
710 1111 803 1153 vidi
843 1110 1120 1166 amplissime
1153 1110 1366 1159 evolutas,
1401 1110 1520 1164 ipsas
1552 1109 1686 1163 cylin-

119 1183 514 1238 draceo-oblongas
547 1188 590 1225 et
623 1183 816 1224 zonatim
851 1181 1030 1227 divisas,
1065 1186 1157 1223 tota
1190 1180 1271 1222 hac
1304 1184 1429 1235 parte
1457 1193 1685 1221 ramorum

119 1250 358 1310 insigniter
389 1268 570 1310 quoque
602 1253 860 1308 gelatinosa.

267 1325 399 1367 Hanc
441 1326 654 1380 plantam,
697 1325 876 1379 qualem
918 1322 1108 1365 eandem
1142 1322 1247 1372 vidi,
1283 1321 1391 1362 mihi
1426 1321 1686 1376 adparuisse

119 1398 277 1439 sistere
319 1397 519 1452 plantam
565 1396 687 1437 illam
727 1394 998 1449 Montagnei,
1034 1408 1172 1448 quam
1205 1393 1386 1434 nomine
1421 1392 1685 1447 Dasyphleae

118 1468 178 1510 ab
211 1468 308 1523 ipso
340 1467 603 1522 inscriptam
635 1466 858 1515 novimus,
893 1465 1023 1519 cujus
1056 1470 1206 1506 tamen
1239 1463 1432 1505 stadium
1458 1462 1685 1517 quoddam

119 1538 430 1581 dissolutionis
490 1537 627 1592 partis
685 1536 1093 1592 sphaerosporiferae
1152 1548 1254 1576 eum
1308 1538 1482 1575 tantum
1536 1546 1685 1574 coram

124 1609 335 1652 habuisse
376 1609 529 1650 forsan
574 1607 896 1662 suspicandum
929 1606 1175 1656 videretur;
1211 1610 1253 1647 et
1284 1605 1389 1646 hinc
1421 1603 1686 1658 adparatum

121 1681 302 1723 filorum
333 1680 597 1721 interiorum
633 1678 981 1721 subdissolutam
1011 1678 1057 1718 in
1081 1677 1179 1731 ejus
1204 1675 1447 1731 specimine
1470 1674 1684 1723 adfuisse;

123 1766 204 1794 nec
253 1751 593 1806 dispositionem
641 1749 1050 1805 sphaerosporarum
1102 1748 1218 1788 intra
1266 1750 1453 1787 stratum
1493 1745 1686 1786 exterius

120 1822 296 1866 frondis
339 1821 423 1863 sibi
465 1821 632 1863 claram
670 1820 931 1875 adparuisse
963 1818 1141 1860 facilius
1173 1817 1408 1859 videretur.
1474 1815 1565 1857 Nec
1598 1829 1687 1856 om-

122 1894 232 1935 nino
280 1880 502 1934 absonum
550 1891 663 1933 mihi
710 1882 984 1946 adparuisse,
1035 1903 1137 1931 eum
1181 1888 1430 1943 suspicasse
1463 1885 1685 1927 nemathe-

121 1964 296 2006 ciosum
331 1962 560 2018 quoddam
594 1961 788 2004 stadium
823 1961 915 2003 suis
942 1960 1139 2002 verrucis
1162 1958 1384 2000 fertilibus
1407 1956 1684 1998 attributum.

123 2033 320 2084 Qualem
360 2034 456 2090 ipse
493 2034 693 2089 plantam
729 2031 1171 2088 sphaerosporiferam
1204 2028 1309 2078 vidi,
1343 2028 1476 2069 talem
1510 2040 1688 2081 quoque

124 2105 406 2149 Rhabdoniae
453 2104 656 2160 Speciem
700 2117 799 2146 eam
841 2103 1021 2152 referre,
1054 2115 1137 2143 nec
1178 2099 1304 2156 potui
1337 2098 1447 2153 quin
1480 2097 1688 2139 lubentis-

121 2177 267 2219 simus
315 2175 605 2218 concederem
653 2180 703 2216 ut
749 2175 833 2216 hoc
876 2187 1056 2229 quoque
1088 2186 1114 2214 a
1147 2171 1358 2225 Harveyo
1391 2169 1497 2211 olim
1531 2181 1690 2222 suppo-

122 2247 263 2289 situm
297 2247 438 2289 fuisse
470 2251 605 2302 patet.

269 2317 559 2373 Comparanti
606 2316 719 2358 mihi
768 2315 962 2370 denique
1009 2313 1143 2356 hodie
1192 2317 1287 2354 tum
1337 2325 1391 2353 ex
1439 2324 1529 2351 una
1567 2313 1689 2363 parte

126 2389 328 2445 plantam
377 2387 501 2430 illam
547 2386 984 2442 Halymenioideam,
1018 2384 1282 2427 tenuissima
1315 2395 1396 2424 sua
1428 2380 1690 2422 membrana

126 2459 301 2502 frondis
348 2463 617 2510 contextam,
668 2459 715 2500 in
763 2471 854 2512 qua
901 2461 1088 2499 stratum
1133 2453 1307 2496 frondis
1341 2465 1519 2507 quoque
1552 2455 1689 2504 cysto-

122 2530 376 2586 carpiiferae
423 2534 684 2572 contextum
725 2529 818 2572 vidi
866 2527 1036 2571 cellulis
1079 2525 1329 2568 rotundatis
1362 2520 1688 2569 minutissimis,

128 2615 319 2657 quarum
352 2601 586 2643 interiores
618 2600 752 2656 paulo
786 2600 992 2654 majores,
1027 2597 1264 2640 exteriores
1299 2601 1465 2649 puncta
1491 2591 1691 2633 minutis-

124 2673 243 2714 sima
284 2672 525 2714 rotundata
565 2662 732 2714 referre
775 2671 886 2721 dixi3
921 2684 975 2712 ex
1008 2669 1148 2710 altera
1178 2671 1302 2722 parte
1337 2665 1534 2720 plantam
1569 2661 1688 2702 illam

125 2742 537 2793 Gracilarioideam,
585 2743 715 2799 cujus
748 2742 822 2783 fila
854 2741 980 2783 strati
1012 2738 1230 2782 corticalis
1264 2735 1410 2778 valida
1443 2732 1691 2774 numerosis

125 2814 328 2856 articulis
361 2813 613 2864 constituta,
639 2818 682 2855 et
703 2813 784 2854 hos
807 2811 1016 2854 articulos
1040 2823 1119 2852 suo
1143 2809 1359 2850 diametro
1383 2805 1529 2846 saltim
1554 2802 1689 2856 duplo

1528 2888 1549 2918 ὅ
