1779 3068
738 95 1033 136 ENDOGENIA.
1590 95 1667 134 117

102 219 433 275 longitudinem
482 214 657 256 frondis
706 227 800 254 esse
850 211 1233 265 longitudinaliter
1282 216 1580 269 excurrentes.
1629 218 1667 252 ct

103 292 224 346 ipsas
273 289 514 343 elongatas,
564 297 811 338 omnesque
854 282 1138 324 alternantes,
1174 287 1308 336 atque
1341 282 1531 323 invicem
1569 298 1668 323 ana-

103 360 373 403 stomosibus
420 358 599 412 junctas
647 355 751 396 huic
800 353 965 408 plantas
1010 367 1145 407 quain
1182 353 1376 394 maxime
1410 353 1670 394 characteri-

104 433 266 475 sticum
315 435 532 486 putarem.
602 426 791 468 Easdem
833 438 936 465 vero
981 423 1163 465 cellulas
1201 423 1428 465 cortieales
1463 439 1488 465 a
1522 439 1669 478 super-

104 503 200 545 ficie
243 501 417 544 frondis
461 500 731 544 observatas,
772 510 852 538 suo
887 495 1104 537 diametro
1139 495 1304 549 pluries
1339 495 1569 547 longiores,
1608 496 1666 535 in-

103 574 246 616 vicem
294 573 578 616 alternantes,
629 570 747 624 ipsas
797 567 923 622 quasi
978 567 1195 607 nexuosas
1244 566 1314 619 (ol)
1364 571 1668 606 anastomoses

102 644 346 698 hebetatos)
380 648 423 685 et
455 656 582 684 secus
616 639 898 695 superficiem
945 637 1127 679 densius
1160 636 1506 691 adproximatas,
1543 637 1669 677 obve-

101 716 210 766 nire,
249 714 379 756 liodie
412 727 593 769 quoque
625 711 853 753 monuisse
879 711 1033 764 placet,
1066 723 1119 750 ne
1144 708 1342 763 plantam
1368 723 1470 749 vere
1496 708 1669 749 Rhodo-

104 786 292 828 meleam
327 778 553 841 quispiam
587 787 765 839 putaret
784 781 834 836 ²³³).

248 857 516 912 Fragmenta
550 854 726 901 fertilia,
761 867 862 908 quae
895 852 1026 893 hodie
1051 851 1107 893 ad
1131 851 1329 906 plantam
1357 851 1513 894 refero,
1539 851 1669 903 cujus

101 933 272 982 partem
323 928 516 970 sterilem
566 926 721 968 habitu
765 939 865 966 cum
913 923 1158 965 Gracilaria
1196 921 1480 963 confervoide
1515 935 1669 962 conve-

102 1000 298 1041 nientem
349 999 453 1040 olim
504 998 609 1045 (lixi,
660 997 853 1037 offerunt
904 1002 1052 1050 partes
1099 1008 1201 1034 suas
1235 993 1536 1034 caulescentes
1570 1006 1669 1033 con-

101 1071 269 1112 formes
301 1069 530 1124 adspectu,
565 1073 611 1109 at
643 1067 896 1109 substantia
927 1066 1143 1106 firmiores
1167 1073 1208 1105 et
1232 1063 1400 1105 cellulis
1425 1064 1516 1105 suis
1541 1063 1667 1117 quasi

103 1141 246 1195 magis
280 1139 602 1196 adproximatis
636 1144 679 1180 et
705 1130 1056 1180 coalescentibus
1081 1135 1305 1190 paulisper
1328 1134 1538 1180 diversas,
1565 1148 1668 1188 qua-

101 1214 162 1254 les
196 1213 240 1253 in
276 1211 429 1267 planta
452 1211 670 1252 adultiorc
694 1208 1018 1264 exspectandas
1045 1214 1260 1261 putarem.
1316 1207 1536 1247 Czeterum
1562 1218 1666 1245 vero

101 1283 283 1325 cellulas
333 1296 413 1324 nec
461 1283 506 1323 in
554 1281 857 1336 dispositione,
900 1293 980 1321 nec
1013 1279 1057 1319 in
1093 1280 1238 1319 forma
1272 1277 1329 1318 ita
1366 1276 1563 1317 diversas
1599 1290 1668 1316 me

100 1354 278 1412 vidisse,
329 1359 374 1395 ut
427 1354 495 1394 his
538 1352 805 1394 ducentibus
849 1351 1046 1405 plantam
1090 1349 1312 1390 diversam
1348 1346 1664 1401 suspicandam

101 1425 213 1466 mihi
247 1424 507 1479 adparuisse
542 1423 747 1464 dicerem.
807 1422 924 1463 Dum
960 1422 1003 1461 in
1041 1420 1254 1460 Floridcis
1289 1419 1451 1473 stepius
1485 1418 1669 1458 obvenit.

100 1495 282 1537 cellulas
331 1495 559 1537 corticales
609 1495 704 1549 ipsa
745 1507 825 1534 sua
867 1492 1108 1533 directione
1151 1496 1191 1531 et
1226 1490 1367 1530 forma
1405 1489 1460 1529 al>
1494 1488 1668 1529 interio-

99 1567 224 1608 ribus
273 1566 475 1615 differre;
526 1566 706 1607 cellulas
755 1563 983 1605 corticales
1028 1562 1286 1613 Endoqenioe
1319 1574 1445 1601 secus
1478 1559 1665 1613 longitu-

99 1637 251 1679 dinem
300 1637 474 1679 frondis
522 1636 751 1690 elongatas
799 1635 1023 1680 obvenire,
1071 1632 1326 1674 meminisse
1364 1630 1525 1685 placet:
1564 1630 1667 1670 hinc

98 1709 253 1750 forsan
287 1707 465 1750 easdem
501 1722 582 1749 sua
615 1706 857 1748 directione
892 1705 1034 1759 magis
1068 1718 1168 1745 cum
1205 1702 1470 1757 siphonibus
1505 1700 1667 1755 plantae

100 1779 499 1821 Rhodomeleaceae
533 1777 851 1819 convenientes
875 1776 1097 1830 quispiam
1124 1780 1321 1829 putaret3
1357 1772 1535 1813 easdem
1562 1786 1667 1812 vero

100 1850 155 1892 ab
189 1851 258 1892 his
292 1850 501 1892 reducere
535 1855 632 1891 tum
665 1849 763 1903 ipsa
796 1862 875 1889 sua
911 1847 1053 1888 forma
1088 1846 1297 1891 flexuosa,
1343 1850 1436 1884 tum
1483 1842 1667 1897 disposi—

100 1922 220 1963 tione
269 1922 529 1963 cellularum
579 1920 783 1961 omnium
833 1909 1062 1960 evidenter
1110 1916 1358 1958 alternante
1391 1913 1599 1969 —quod
1643 1927 1668 1954 a

100 1993 331 2035 tendentia
364 1991 669 2047 dispositionis
702 1990 1052 2045 polysiphoneae.
1084 2002 1221 2042 quam
1246 1987 1439 2027 maxime
1463 1984 1666 2026 recedere

100 2064 278 2106 facilius
312 2064 412 2118 quis
444 2069 634 2118 putaret.

242 2135 368 2190 Ipsas
409 2134 647 2176 fasciculos
687 2133 839 2182 dictos,
876 2146 987 2187 quos
1021 2131 1197 2172 facilius
1232 2128 1455 2183 quispiam
1492 2131 1666 2182 putaret

99 2207 252 2248 sistere
299 2206 501 2261 caespites
549 2204 881 2260 Polysiphoniae
929 2202 1179 2257 cujusdaiim
1216 2199 1465 2241 accuratius
1505 2197 1666 2238 exami-

245 2372 279 2414 ’ἢ
314 2372 550 2414 Quamquam
591 2376 673 2406 tum
712 2372 896 2405 suadente
934 2373 1132 2406 structura,
1173 2367 1321 2409 qualem
1363 2367 1459 2398 lianc
1498 2364 1665 2397 sectione

99 2433 200 2466 facta
233 2432 476 2465 transversali
514 2442 599 2465 cum
637 2432 911 2475 Polysiplimiia
938 2430 1070 2462 aliisve.
1098 2426 1365 2460 Rli‹›‹l‹m¹eleis
1392 2427 1664 2463 congruentem

98 2491 229 2524 forsan
268 2491 455 2534 quispiam
494 2492 710 2534 conjiceret,
744 2495 823 2524 tuni
853 2489 1080 2531 comparatis
1110 2487 1278 2529 partibus
1308 2485 1445 2527 plantae
1473 2494 1493 2515 a
1522 2494 1580 2515 nne
1608 2482 1664 2514 ‹le-

101 2550 265 2593 scriptis,
303 2561 397 2592 quas
436 2555 478 2584 ut
517 2556 642 2594 partes
683 2551 896 2583 fructiferas
938 2548 1048 2581 hodie
1087 2546 1282 2588 descripsi,
1322 2549 1400 2577 toto
1436 2554 1505 2575 suu
1535 2541 1664 2574 habitu

98 2609 410 2652 Polysiphoniam
437 2611 627 2652 quandam
656 2610 940 2645 mentientibus,
969 2613 1095 2641 tamen
1123 2605 1309 2648 ejusmodi
1339 2603 1546 2636 affinitates
1571 2600 1662 2633 milii

100 2668 201 2701 haud
241 2669 457 2703 suboluisse
494 2670 670 2703 lubenter
706 2669 961 2702 confitendum
991 2666 1176 2709 adparuit,
1205 2669 1283 2697 tuni
1313 2663 1491 2696 nimirum
1520 2670 1665 2701 eompa-

98 2730 180 2760 rata
218 2728 301 2770 ipsa
333 2732 522 2762 structura
556 2729 713 2770 frondis,
748 2739 859 2769 quain
889 2737 1074 2768 nusquam
1105 2726 1174 2758 rite
1201 2723 1438 2757 articulatam
1469 2721 1555 2757 vidi,
1584 2724 1663 2752 tum

99 2787 284 2820 suadente
323 2788 447 2821 nuclei
486 2792 676 2822 structura
716 2789 813 2821 intra
852 2786 1142 2829 cystocarpium‚
1181 2783 1280 2826 quod
1313 2782 1425 2815 hodic
1452 2779 1665 2813 describere

99 2846 308 2888 periculum
337 2847 420 2888 feci,
448 2847 540 2880 alias
569 2847 786 2884 affinitates,
817 2852 855 2879 ut
883 2850 1066 2887 putarem,
1095 2844 1220 2886 potius
1248 2843 1450 2876 indit-ante.
